4066 5204
104 286 106 292 .
211 216 242 291 6

217 411 299 500 nis,
325 432 448 512 quum
473 429 581 508 aeque
607 429 652 478 ac
676 402 759 477 haec
782 399 1040 506 siveraliquae
1065 415 1190 507 partes
1215 400 1260 478 iis
1278 400 1495 510 analogae,
1516 402 1726 482 dummodo
1752 431 1814 482 ra·
1928 487 1933 492 ,

216 526 333 612 riores
357 531 520 634 excipias
545 527 800 631 exceptiones,
826 528 922 604 rami
949 528 1043 604 alibi
1067 557 1148 604 non
1175 528 1351 605 oriantur
1376 556 1420 603 ac
1445 529 1487 604 in
1513 529 1634 604 nodis.
1860 517 1863 522 ⁸

320 662 481 733 Tertium
506 652 662 728 tandem
685 679 801 754 genus
825 653 995 757 partium
1022 655 1343 757 compositarum,
1382 680 1476 756 quas
1508 680 1623 758 supra
1653 676 1815 729 accesso·

217 784 292 875 rias
317 782 483 858 diximus
501 790 644 884 partes,
670 778 773 879 quia.
787 777 832 851 iis
857 782 983 853 carere
1009 795 1133 883 potest
1148 780 1225 856 vita
1242 778 1473 884 vegetabilis,
1499 779 1559 855 vel
1575 779 1680 882 quod
1695 779 1817 868 idem,

217 909 309 1014 quia
324 936 406 1010 non
423 907 465 982 in
485 904 591 1005 omni
610 902 745 1006 planta
770 920 997 994 occurrunt,
1020 903 1231 1007 saepiusque
1256 931 1305 978 ne
1329 902 1486 1007 quidem
1511 904 1553 978 in
1578 904 1710 978 eadem
1733 929 1815 1007 spe·
1852 995 1856 1005 ζ

217 1035 293 1125 cie,
317 1036 436 1107 immo
462 1028 682 1117 individuo,
707 1030 926 1103 constanter
950 1027 1110 1117 adsunt,
1136 1035 1277 1105 tertium
1301 1055 1418 1133 genus
1443 1055 1503 1103 eas
1529 1030 1700 1103 continet
1726 1056 1814 1132 par·

217 1174 292 1247 tes,
307 1181 407 1259 quae
433 1155 543 1229 certis
566 1153 717 1229 sedibus
746 1151 945 1256 adscriptae
979 1180 1059 1228 non
1084 1171 1184 1228 sunt
1235 1154 1344 1229 Tales
1369 1153 1541 1257 intelligo
1567 1153 1664 1256 pilos
1693 1154 1816 1230 varios
1870 1134 1873 1139 ⁵

216 1297 404 1384 setasque,
432 1279 581 1354 aculeos
605 1276 809 1381 plurimos,
833 1276 1034 1381 glandulas
1060 1277 1433 1382 diversasstipitatas
1459 1294 1498 1353 et
1522 1265 1678 1365 sessiles,
1714 1277 1817 1351 radi·

218 1430 276 1480 ces
301 1431 406 1482 veras
432 1401 715 1505 radiculasque,
753 1401 961 1504 praesertim
987 1407 1130 1487 aereas,
1163 1418 1232 1476 etc.
1279 1403 1413 1498 Quum
1437 1401 1542 1477 haece
1575 1419 1700 1505 partes
1735 1428 1817 1476 non

164 1548 168 1558 '
189 1548 193 1551 ’
217 1528 343 1604 solum
368 1530 411 1602 in
437 1528 545 1603 caule
572 1509 673 1631 ipso,
707 1527 772 1602 sed
799 1552 953 1629 quoque
980 1527 1021 1600 in
1048 1528 1196 1631 organis
1218 1526 1336 1601 caulis
1362 1526 1615 1630 proveniant,
1640 1528 1729 1629 ipsae
1757 1553 1818 1600 or·
1833 1613 1851 1625 Ἰ,

156 1741 160 1746 ,
216 1681 320 1754 gana
343 1652 530 1755 appellari
555 1679 635 1726 non
662 1667 845 1754 possunt3
883 1651 1129 1728 individuum
1154 1652 1257 1726 enim
1283 1651 1458 1754 quidem,
1495 1678 1576 1725 non
1602 1669 1732 1726 autem
1757 1678 1818 1724 or·
1930 1711 1933 1719 .

219 1804 347 1882 ganon
367 1778 516 1882 organis
532 1777 766 1852 instructum
789 1793 856 1856 est,
878 1776 995 1851 Haud.
1021 1777 1073 1850 ita
1099 1773 1186 1851 raro
1208 1776 1365 1878 quidem
1386 1775 1544 1866 accidit,
1570 1777 1681 1850 cortis
1707 1776 1843 1871 func·¹

218 1900 389 1976 tionibus
414 1901 681 2007 physiologicis
705 1902 784 1976 frui
809 1901 878 1978 has
903 1919 1043 2006 partes,
1078 1928 1193 2007 supra
1219 1919 1348 1977 autem
1373 1901 1452 2006 jam
1478 1901 1696 1985 innuimus,
1731 1927 1818 2003 par-

141 2128 144 2132 *
218 2026 318 2099 tium
343 2053 459 2122 usum
479 2029 622 2129 absque
642 2027 875 2103 confusionis
892 2027 1105 2132 errorisque
1130 2027 1303 2130 periculp
1330 2026 1380 2101 ad
1406 2025 1640 2101 definiendas
1666 2050 1726 2099 eas
1752 2024 1819 2098 ad-

218 2149 345 2226 hiberi
370 2179 450 2227 non
475 2157 600 2256 pos'se,
627 2199 682 2220 -
704 2153 809 2256 quod
837 2154 995 2257 quidem
1023 2154 1145 2244 infra,
1179 2153 1227 2230 de
1253 2153 1447 2230 variarum
1471 2153 1643 2255 partium
1667 2151 1820 2255 physio·

217 2276 340 2381 logico
351 2305 525 2361 munere
551 2295 772 2369 tractantes,
798 2280 959 2355 ulterius
987 2281 1246 2355 demonstrare
1271 2277 1507 2352 conabimur.
1533 2276 1665 2372 siqui
1692 2291 1819 2349 tamen

217 2418 353 2510 erunt,
380 2402 448 2504 qui
475 2390 1476 2513 alqegwmmparoe's
1494 2415 1725 2498 organorum
1751 2425 1818 2474 noe
1869 2387 1872 2392 ’

219 2522 325 2598 mine
350 2511 578 2621 dignantur,
604 2513 706 2588 istud
731 2515 865 2588 saltem
890 2541 951 2589 eos
977 2515 1236 2590 observaturos
1262 2544 1480 2620 speramus,
1504 2536 1549 2592 ut
1575 2522 1732 2595 secundi
1760 2549 1821 2596 or-

220 2645 321 2720 dinis
348 2669 489 2746 organa
512 2637 571 2715 vel
597 2637 821 2712 secundaria
847 2664 890 2711 ea
920 2656 1066 2714 vocent.
1095 2641 1164 2712 Res
1192 2669 1330 2745 magna
1356 2644 1512 2745 quidem
1546 2663 1600 2720 est
1623 2634 1817 2721 succincta

220 2769 361 2856 oratio,
396 2767 523 2839 minus
561 2780 689 2855 tamen
728 2761 1090 2866 perhorrescendam
1116 2790 1308 2843 censemus
1331 2756 1596 2848 verbositatem
1622 2772 1820 2872 quandam

220 2890 496 2980 methodicam,
520 2916 639 2991 quam
666 2886 925 2962 laconismum⁴
945 2889 1150 2963 obscurum
1176 2908 1291 2993 atque
1317 2891 1530 2969 confusum.
1564 2897 1691 2998 Longe
1716 2895 1819 2968 enim

220 3018 311 3122 plus
343 3016 568 3090 absorbetur
606 3011 786 3117 temporis
810 3021 986 3088 errorum
1009 3013 1362 3118 obscuritatumque
1386 3044 1407 3092 e
1432 3018 1501 3092 tali
1527 3017 1734 3091 laconismo
1760 3045 1818 3086 or-

221 3155 351 3215 torum
374 3138 607 3219 correctione
641 3153 680 3212 et
704 3137 968 3230 extricatione,
1001 3167 1119 3242 quam
1145 3139 1315 3244 ejusdem
1347 3141 1543 3218 laconismi
1576 3164 1649 3210 usu
1673 3135 1817 3209 lucrari

218 3266 347 3368 possis.
780 3284 783 3285 *
1697 3270 1701 3273 ’

322 3387 500 3466 Definitis
524 3388 621 3494 jam,
646 3388 705 3465 vel
721 3388 853 3466 saltem
877 3388 1078 3495 designatis
1100 3393 1300 3496 speciebus
1318 3392 1436 3465 trium
1452 3411 1633 3494 generum
1648 3376 1818 3489 partium

221 3515 537 3619 compositarum,
563 3514 842 3617 quibussimul
867 3517 999 3591 sumtis
1016 3509 1146 3592 omnis
1171 3519 1309 3621 planta
1330 3513 1533 3619 perfectior
1556 3511 1821 3605 constituitur,

218 3641 464 3745 accingamus
491 3668 559 3715 nos
585 3641 634 3716 ad
652 3640 872 3716 earumdem
897 3642 1152 3717 recensionem
1180 3640 1461 3716 accuratiorem.
1486 3637 1660 3712 Diversas
1678 3636 1819 3712 formas

224 3792 354 3847 omnes
380 3766 569 3856 indicare,
584 3750 701 3869 aeque
726 3763 964 3868 superfluum
989 3765 1119 3870 judico
1145 3765 1342 3856 futurum,
1368 3791 1412 3837 ac
1439 3763 1614 3838 omnium
1639 3761 1820 3836 termino-

222 3918 311 3966 rum
328 3890 656 3967 enumerationem
676 3891 849 3965 criticam
876 3888 1069 3965 taediosam
1091 3906 1128 3964 et
1144 3889 1321 3964 inutilem
1339 3888 1519 3964 existimo.
1545 3889 1710 3964 Potiores
1737 3902 1820 3958 tan·
1898 3947 1900 3954 .

224 4031 310 4090 tum
334 4016 475 4092 formas
512 4016 757 4120 potioresque
781 4016 993 4120 recensebo·
1008 4014 1206 4108 terminos3
1244 4013 1426 4116 quilibet,
1459 4042 1540 4089 non
1575 4010 1698 4085 solum
1733 4034 1819 4110 quae

222 4141 452 4245 supererunt
477 4140 555 4244 ipse
572 4139 624 4216 ad
646 4140 829 4222 idoneum
852 4166 970 4245 genus
995 4139 1150 4229 referet,
1172 4138 1245 4215 sed·
1261 4127 1407 4214 videbit
1431 4116 1640 4239 etiam-qui
1665 4133 1818 4209 termini

222 4265 420 4342 necessarii
455 4282 566 4358 sunt,
604 4266 821 4374 quibusque
854 4264 966 4340 facile
999 4291 1126 4340 carere
1158 4265 1349 4368 possimus.
1391 4266 1470 4354 Me,
1503 4263 1572 4336 esti
1595 4260 1644 4337 de
1670 4249 1818 4362 drganis
1921 4264 1923 4269 '

222 4389 448 4487 plantarum
471 4389 775 4496 disquisitionem
802 4390 1131 4481 annuntiaverim,
1166 4391 1214 4468 de
1239 4390 1284 4466 iis
1310 4398 1465 4493 quoque
1489 4388 1673 4492 partibus.
1686 4382 1843 4461 disser-⁴
