<?xml version="1.0" encoding="UTF-8"?>
<!DOCTYPE html PUBLIC "-//W3C//DTD XHTML 1.0 Transitional//EN"
    "http://www.w3.org/TR/xhtml1/DTD/xhtml1-transitional.dtd">
<html xmlns="http://www.w3.org/1999/xhtml" xml:lang="en" lang="en">
 <head>
  <title>
</title>
<meta http-equiv="Content-Type" content="text/html;charset=utf-8" />
  <meta name='ocr-system' content='tesseract 3.04.00' />
  <meta name='ocr-capabilities' content='ocr_page ocr_carea ocr_par ocr_line ocrx_word'/>
</head>
<body>
  <div class='ocr_page' id='page_1' title='image "./deorganisplanta00rpgoog_0021.png"; bbox 0 0 4066 5204; ppageno 0'>
   <div class='ocr_carea' id='block_1_1' title="bbox 317 219 366 279">
    <p class='ocr_par' dir='ltr' id='par_1_1' title="bbox 317 219 366 279">
     <span class='ocr_line' id='line_1_1' title="bbox 317 219 366 279; baseline -0.061 0"><span class='ocrx_word' id='word_1_1' title='bbox 317 219 366 279; x_wconf 72' lang='lat' dir='ltr'><strong>&#39;ts</strong></span> 
     </span>
    </p>
   </div>
   <div class='ocr_carea' id='block_1_2' title="bbox 310 379 2022 2356">
    <p class='ocr_par' dir='ltr' id='par_1_2' title="bbox 317 379 1923 857">
     <span class='ocr_line' id='line_1_2' title="bbox 317 379 1921 492; baseline -0.007 -18"><span class='ocrx_word' id='word_1_2' title='bbox 317 396 399 474; x_wconf 76' lang='lat' dir='ltr'><strong>fert.</strong></span> <span class='ocrx_word' id='word_1_3' title='bbox 427 393 532 492; x_wconf 79' lang='lat' dir='ltr'><strong>Casti</strong></span> <span class='ocrx_word' id='word_1_4' title='bbox 554 383 757 472; x_wconf 83' lang='lat' dir='ltr'><strong>nonnulli,</strong></span> <span class='ocrx_word' id='word_1_5' title='bbox 779 382 896 459; x_wconf 78' lang='lat' dir='ltr'><strong>Burei</strong></span> <span class='ocrx_word' id='word_1_6' title='bbox 919 379 1059 482; x_wconf 85' lang='lat' dir='ltr'><strong>aliquae</strong></span> <span class='ocrx_word' id='word_1_7' title='bbox 1082 379 1233 484; x_wconf 89' lang='lat' dir='ltr'><strong>species,</strong></span> <span class='ocrx_word' id='word_1_8' title='bbox 1257 379 1544 484; x_wconf 73' lang='lat' dir='ltr'><strong>Phyllantlu‘que</strong></span> <span class='ocrx_word' id='word_1_9' title='bbox 1558 381 1660 457; x_wconf 84' lang='lat' dir='ltr'><strong>-varii</strong></span> <span class='ocrx_word' id='word_1_10' title='bbox 1687 384 1779 460; x_wconf 85' lang='lat' dir='ltr'><strong>tales</strong></span> <span class='ocrx_word' id='word_1_11' title='bbox 1802 387 1921 464; x_wconf 88' lang='lat' dir='ltr'><strong>nobis</strong></span> 
     </span>
     <span class='ocr_line' id='line_1_3' title="bbox 317 498 1920 610; baseline -0.005 -14"><span class='ocrx_word' id='word_1_12' title='bbox 317 519 500 598; x_wconf 78' lang='lat' dir='ltr'><strong>exhibent</strong></span> <span class='ocrx_word' id='word_1_13' title='bbox 524 537 662 610; x_wconf 79' lang='lat' dir='ltr'><strong>ramos.</strong></span> <span class='ocrx_word' id='word_1_14' title='bbox 681 507 881 610; x_wconf 83' lang='lat' dir='ltr'><strong>caulesque</strong></span> <span class='ocrx_word' id='word_1_15' title='bbox 914 498 1072 580; x_wconf 82' lang='lat' dir='ltr'><strong>foliosos.</strong></span> <span class='ocrx_word' id='word_1_16' title='bbox 1117 508 1152 580; x_wconf 85' lang='lat' dir='ltr'><strong>A</strong></span> <span class='ocrx_word' id='word_1_17' title='bbox 1180 504 1276 581; x_wconf 87' lang='lat' dir='ltr'><strong>veris</strong></span> <span class='ocrx_word' id='word_1_18' title='bbox 1309 504 1422 578; x_wconf 88' lang='lat' dir='ltr'><strong>ramis</strong></span> <span class='ocrx_word' id='word_1_19' title='bbox 1445 502 1528 580; x_wconf 89' lang='lat' dir='ltr'><strong>haec</strong></span> <span class='ocrx_word' id='word_1_20' title='bbox 1553 508 1806 610; x_wconf 81' lang='lat' dir='ltr'><strong>pseudo-folia</strong></span> <span class='ocrx_word' id='word_1_21' title='bbox 1832 527 1920 588; x_wconf 84' lang='lat' dir='ltr'><strong>tam</strong></span> 
     </span>
     <span class='ocr_line' id='line_1_4' title="bbox 318 627 1923 750; baseline -0.007 -34"><span class='ocrx_word' id='word_1_22' title='bbox 318 643 459 750; x_wconf 85' lang='lat' dir='ltr'><strong>figura,</strong></span> <span class='ocrx_word' id='word_1_23' title='bbox 484 648 603 742; x_wconf 86' lang='lat' dir='ltr'><strong>quam</strong></span> <span class='ocrx_word' id='word_1_24' title='bbox 627 633 822 721; x_wconf 86' lang='lat' dir='ltr'><strong>foliorum,</strong></span> <span class='ocrx_word' id='word_1_25' title='bbox 848 630 988 732; x_wconf 82' lang='lat' dir='ltr'><strong>quibus</strong></span> <span class='ocrx_word' id='word_1_26' title='bbox 1013 631 1197 704; x_wconf 82' lang='lat' dir='ltr'><strong>instructa</strong></span> <span class='ocrx_word' id='word_1_27' title='bbox 1222 644 1329 717; x_wconf 77' lang='lat' dir='ltr'><strong>sunt,</strong></span> <span class='ocrx_word' id='word_1_28' title='bbox 1358 627 1487 702; x_wconf 92' lang='lat' dir='ltr'><strong>indole</strong></span> <span class='ocrx_word' id='word_1_29' title='bbox 1511 657 1660 734; x_wconf 81' lang='lat' dir='ltr'><strong>usuque</strong></span> <span class='ocrx_word' id='word_1_30' title='bbox 1684 632 1923 739; x_wconf 71' lang='lat' dir='ltr'><strong>physiologis</strong></span> 
     </span>
     <span class='ocr_line' id='line_1_5' title="bbox 318 751 1902 857; baseline -0.009 -12"><span class='ocrx_word' id='word_1_31' title='bbox 318 796 363 846; x_wconf 84' lang='lat' dir='ltr'><strong>ro</strong></span> <span class='ocrx_word' id='word_1_32' title='bbox 389 766 583 842; x_wconf 82' lang='lat' dir='ltr'><strong>differunt</strong></span> <span class='ocrx_word' id='word_1_33' title='bbox 607 761 760 852; x_wconf 52' lang='lat' dir='ltr'><strong>Mirumx</strong></span> <span class='ocrx_word' id='word_1_34' title='bbox 778 755 954 844; x_wconf 90' lang='lat' dir='ltr'><strong>omnino,</strong></span> <span class='ocrx_word' id='word_1_35' title='bbox 978 754 1135 857; x_wconf 91' lang='lat' dir='ltr'><strong>proprio</strong></span> <span class='ocrx_word' id='word_1_36' title='bbox 1162 753 1319 828; x_wconf 90' lang='lat' dir='ltr'><strong>nomine</strong></span> <span class='ocrx_word' id='word_1_37' title='bbox 1344 751 1520 828; x_wconf 89' lang='lat' dir='ltr'><strong>nondum</strong></span> <span class='ocrx_word' id='word_1_38' title='bbox 1545 753 1659 839; x_wconf 82' lang='lat' dir='ltr'><strong>fuisse</strong></span> <span class='ocrx_word' id='word_1_39' title='bbox 1680 757 1854 832; x_wconf 86' lang='lat' dir='ltr'><strong>salutata.</strong></span> <span class='ocrx_word' id='word_1_40' title='bbox 1897 794 1902 799; x_wconf 93' lang='lat'><strong>·</strong></span> 
     </span>
    </p>

    <p class='ocr_par' dir='ltr' id='par_1_3' title="bbox 310 876 2022 2356">
     <span class='ocr_line' id='line_1_6' title="bbox 418 876 1922 981; baseline -0.004 -18"><span class='ocrx_word' id='word_1_41' title='bbox 418 894 587 963; x_wconf 88' lang='lat' dir='ltr'><strong>Tantum</strong></span> <span class='ocrx_word' id='word_1_42' title='bbox 626 885 673 960; x_wconf 93' lang='lat' dir='ltr'><strong>de</strong></span> <span class='ocrx_word' id='word_1_43' title='bbox 708 880 821 956; x_wconf 89' lang='lat' dir='ltr'><strong>variis</strong></span> <span class='ocrx_word' id='word_1_44' title='bbox 858 877 1227 981; x_wconf 46' lang='lat' dir='ltr'><strong>formis‘systematis</strong></span> <span class='ocrx_word' id='word_1_45' title='bbox 1264 876 1462 968; x_wconf 86' lang='lat' dir='ltr'><strong>centralis,</strong></span> <span class='ocrx_word' id='word_1_46' title='bbox 1497 879 1686 980; x_wconf 84' lang='lat' dir='ltr'><strong>variisque</strong></span> <span class='ocrx_word' id='word_1_47' title='bbox 1727 881 1922 973; x_wconf 70' lang='lat' dir='ltr'><strong>terminis,</strong></span> 
     </span>
     <span class='ocr_line' id='line_1_7' title="bbox 320 1000 1924 1113; baseline -0.008 -20"><span class='ocrx_word' id='word_1_48' title='bbox 320 1016 483 1094; x_wconf 92' lang='lat' dir='ltr'><strong>maxima</strong></span> <span class='ocrx_word' id='word_1_49' title='bbox 507 1040 528 1087; x_wconf 92' lang='lat' dir='ltr'><strong>e</strong></span> <span class='ocrx_word' id='word_1_50' title='bbox 552 1024 661 1113; x_wconf 89' lang='lat' dir='ltr'><strong>parte</strong></span> <span class='ocrx_word' id='word_1_51' title='bbox 687 1002 906 1108; x_wconf 85' lang='lat' dir='ltr'><strong>superfluis,</strong></span> <span class='ocrx_word' id='word_1_52' title='bbox 929 1002 1069 1105; x_wconf 87' lang='lat' dir='ltr'><strong>quibus</strong></span> <span class='ocrx_word' id='word_1_53' title='bbox 1094 1000 1154 1075; x_wconf 90' lang='lat' dir='ltr'><strong>hae</strong></span> <span class='ocrx_word' id='word_1_54' title='bbox 1177 1002 1308 1075; x_wconf 87' lang='lat' dir='ltr'><strong>formae</strong></span> <span class='ocrx_word' id='word_1_55' title='bbox 1333 1001 1521 1105; x_wconf 84' lang='lat' dir='ltr'><strong>designari</strong></span> <span class='ocrx_word' id='word_1_56' title='bbox 1544 1004 1674 1077; x_wconf 88' lang='lat' dir='ltr'><strong>solent</strong></span> <span class='ocrx_word' id='word_1_57' title='bbox 1735 1005 1808 1079; x_wconf 90' lang='lat' dir='ltr'><strong>Hic</strong></span> <span class='ocrx_word' id='word_1_58' title='bbox 1832 1005 1924 1081; x_wconf 86' lang='lat' dir='ltr'><strong>ido-</strong></span> 
     </span>
     <span class='ocr_line' id='line_1_8' title="bbox 319 1124 1924 1233; baseline -0.007 -16"><span class='ocrx_word' id='word_1_59' title='bbox 319 1166 417 1217; x_wconf 89' lang='lat' dir='ltr'><strong>neus</strong></span> <span class='ocrx_word' id='word_1_60' title='bbox 443 1139 547 1212; x_wconf 89' lang='lat' dir='ltr'><strong>locus</strong></span> <span class='ocrx_word' id='word_1_61' title='bbox 574 1132 726 1207; x_wconf 87' lang='lat' dir='ltr'><strong>videtur</strong></span> <span class='ocrx_word' id='word_1_62' title='bbox 748 1153 872 1233; x_wconf 87' lang='lat' dir='ltr'><strong>pauca</strong></span> <span class='ocrx_word' id='word_1_63' title='bbox 904 1125 952 1201; x_wconf 91' lang='lat' dir='ltr'><strong>de</strong></span> <span class='ocrx_word' id='word_1_64' title='bbox 977 1125 1119 1229; x_wconf 92' lang='lat' dir='ltr'><strong>plantis</strong></span> <span class='ocrx_word' id='word_1_65' title='bbox 1144 1124 1341 1199; x_wconf 89' lang='lat' dir='ltr'><strong>acaulibus</strong></span> <span class='ocrx_word' id='word_1_66' title='bbox 1367 1125 1601 1202; x_wconf 88' lang='lat' dir='ltr'><strong>observandi.</strong></span> <span class='ocrx_word' id='word_1_67' title='bbox 1649 1128 1766 1202; x_wconf 87' lang='lat' dir='ltr'><strong>Nulla</strong></span> <span class='ocrx_word' id='word_1_68' title='bbox 1791 1129 1924 1206; x_wconf 81' lang='lat' dir='ltr'><strong>existit</strong></span> 
     </span>
     <span class='ocr_line' id='line_1_9' title="bbox 319 1248 1923 1370; baseline -0.006 -31"><span class='ocrx_word' id='word_1_69' title='bbox 319 1266 452 1370; x_wconf 89' lang='lat' dir='ltr'><strong>planta</strong></span> <span class='ocrx_word' id='word_1_70' title='bbox 479 1258 761 1366; x_wconf 84' lang='lat' dir='ltr'><strong>phanerogama</strong></span> <span class='ocrx_word' id='word_1_71' title='bbox 786 1279 872 1327; x_wconf 88' lang='lat' dir='ltr'><strong>vere</strong></span> <span class='ocrx_word' id='word_1_72' title='bbox 897 1251 1058 1343; x_wconf 85' lang='lat' dir='ltr'><strong>acaulis3</strong></span> <span class='ocrx_word' id='word_1_73' title='bbox 1101 1248 1215 1324; x_wconf 89' lang='lat' dir='ltr'><strong>modo</strong></span> <span class='ocrx_word' id='word_1_74' title='bbox 1241 1249 1345 1324; x_wconf 90' lang='lat' dir='ltr'><strong>enim</strong></span> <span class='ocrx_word' id='word_1_75' title='bbox 1370 1248 1447 1339; x_wconf 91' lang='lat' dir='ltr'><strong>ibi,</strong></span> <span class='ocrx_word' id='word_1_76' title='bbox 1486 1250 1556 1324; x_wconf 92' lang='lat' dir='ltr'><strong>ubi</strong></span> <span class='ocrx_word' id='word_1_77' title='bbox 1580 1248 1739 1326; x_wconf 89' lang='lat' dir='ltr'><strong>deficere</strong></span> <span class='ocrx_word' id='word_1_78' title='bbox 1763 1252 1923 1329; x_wconf 85' lang='lat' dir='ltr'><strong>videtur</strong></span> 
     </span>
     <span class='ocr_line' id='line_1_10' title="bbox 318 1371 2022 1478; baseline -0.009 -13"><span class='ocrx_word' id='word_1_79' title='bbox 318 1388 457 1476; x_wconf 89' lang='lat' dir='ltr'><strong>caulis,</strong></span> <span class='ocrx_word' id='word_1_80' title='bbox 499 1383 650 1457; x_wconf 89' lang='lat' dir='ltr'><strong>brevior</strong></span> <span class='ocrx_word' id='word_1_81' title='bbox 686 1395 838 1453; x_wconf 89' lang='lat' dir='ltr'><strong>tantum</strong></span> <span class='ocrx_word' id='word_1_82' title='bbox 876 1393 931 1452; x_wconf 85' lang='lat' dir='ltr'><strong>est</strong></span> <span class='ocrx_word' id='word_1_83' title='bbox 964 1376 1100 1465; x_wconf 90' lang='lat' dir='ltr'><strong>solito,</strong></span> <span class='ocrx_word' id='word_1_84' title='bbox 1137 1373 1251 1448; x_wconf 88' lang='lat' dir='ltr'><strong>modo</strong></span> <span class='ocrx_word' id='word_1_85' title='bbox 1279 1371 1418 1448; x_wconf 90' lang='lat' dir='ltr'><strong>habitu</strong></span> <span class='ocrx_word' id='word_1_86' title='bbox 1438 1373 1563 1478; x_wconf 84' lang='lat' dir='ltr'><strong>magis</strong></span> <span class='ocrx_word' id='word_1_87' title='bbox 1586 1375 1754 1451; x_wconf 89' lang='lat' dir='ltr'><strong>radicem</strong></span> <span class='ocrx_word' id='word_1_88' title='bbox 1784 1377 1922 1470; x_wconf 82' lang='lat' dir='ltr'><strong>refert,</strong></span> <span class='ocrx_word' id='word_1_89' title='bbox 2020 1380 2022 1385; x_wconf 81' lang='grc'><strong>’</strong></span> 
     </span>
     <span class='ocr_line' id='line_1_11' title="bbox 318 1476 1923 1604; baseline -0.007 -16"><span class='ocrx_word' id='word_1_90' title='bbox 318 1511 432 1597; x_wconf 88' lang='lat' dir='ltr'><strong>modo</strong></span> <span class='ocrx_word' id='word_1_91' title='bbox 457 1508 592 1584; x_wconf 87' lang='lat' dir='ltr'><strong>folium</strong></span> <span class='ocrx_word' id='word_1_92' title='bbox 618 1503 783 1578; x_wconf 84' lang='lat' dir='ltr'><strong>simulat.</strong></span> <span class='ocrx_word' id='word_1_93' title='bbox 811 1500 955 1576; x_wconf 78' lang='lat' dir='ltr'><strong>Plantae</strong></span> <span class='ocrx_word' id='word_1_94' title='bbox 980 1525 1163 1604; x_wconf 77' lang='lat' dir='ltr'><strong>perennes</strong></span> <span class='ocrx_word' id='word_1_95' title='bbox 1206 1498 1331 1602; x_wconf 90' lang='lat' dir='ltr'><strong>primo</strong></span> <span class='ocrx_word' id='word_1_96' title='bbox 1356 1496 1493 1573; x_wconf 88' lang='lat' dir='ltr'><strong>saltem·</strong></span> <span class='ocrx_word' id='word_1_97' title='bbox 1513 1499 1632 1574; x_wconf 88' lang='lat' dir='ltr'><strong>aetatis</strong></span> <span class='ocrx_word' id='word_1_98' title='bbox 1657 1527 1783 1590; x_wconf 88' lang='lat' dir='ltr'><strong>anno,</strong></span> <span class='ocrx_word' id='word_1_99' title='bbox 1806 1476 1923 1578; x_wconf 87' lang='lat' dir='ltr'><strong>caule</strong></span> 
     </span>
     <span class='ocr_line' id='line_1_12' title="bbox 317 1623 1920 1734; baseline -0.006 -22"><span class='ocrx_word' id='word_1_100' title='bbox 317 1662 407 1712; x_wconf 84' lang='lat' dir='ltr'><strong>vero</strong></span> <span class='ocrx_word' id='word_1_101' title='bbox 432 1625 600 1734; x_wconf 81' lang='lat' dir='ltr'><strong>praeditae</strong></span> <span class='ocrx_word' id='word_1_102' title='bbox 623 1643 732 1721; x_wconf 83' lang='lat' dir='ltr'><strong>sunt,</strong></span> <span class='ocrx_word' id='word_1_103' title='bbox 764 1625 1009 1730; x_wconf 84' lang='lat' dir='ltr'><strong>sequentibus</strong></span> <span class='ocrx_word' id='word_1_104' title='bbox 1034 1624 1146 1699; x_wconf 91' lang='lat' dir='ltr'><strong>annis</strong></span> <span class='ocrx_word' id='word_1_105' title='bbox 1160 1623 1511 1729; x_wconf 80' lang='lat' dir='ltr'><strong>¹vitamramorum</strong></span> <span class='ocrx_word' id='word_1_106' title='bbox 1535 1623 1821 1700; x_wconf 84' lang='lat' dir='ltr'><strong>cauliformium</strong></span> <span class='ocrx_word' id='word_1_107' title='bbox 1845 1650 1920 1731; x_wconf 88' lang='lat' dir='ltr'><strong>ope</strong></span> 
     </span>
     <span class='ocr_line' id='line_1_13' title="bbox 321 1747 1920 1852; baseline -0.005 -19"><span class='ocrx_word' id='word_1_108' title='bbox 321 1757 520 1837; x_wconf 84' lang='lat' dir='ltr'><strong>trahentes.</strong></span> <span class='ocrx_word' id='word_1_109' title='bbox 549 1753 683 1828; x_wconf 86' lang='lat' dir='ltr'><strong>Caules</strong></span> <span class='ocrx_word' id='word_1_110' title='bbox 709 1751 790 1840; x_wconf 89' lang='lat' dir='ltr'><strong>isti,</strong></span> <span class='ocrx_word' id='word_1_111' title='bbox 815 1775 923 1852; x_wconf 84' lang='lat' dir='ltr'><strong>aeque</strong></span> <span class='ocrx_word' id='word_1_112' title='bbox 948 1776 992 1824; x_wconf 90' lang='lat' dir='ltr'><strong>ao</strong></span> <span class='ocrx_word' id='word_1_113' title='bbox 1017 1748 1115 1823; x_wconf 91' lang='lat' dir='ltr'><strong>rami</strong></span> <span class='ocrx_word' id='word_1_114' title='bbox 1141 1763 1221 1823; x_wconf 88' lang='lat' dir='ltr'><strong>arte</strong></span> <span class='ocrx_word' id='word_1_115' title='bbox 1246 1774 1269 1821; x_wconf 91' lang='lat' dir='ltr'><strong>a</strong></span> <span class='ocrx_word' id='word_1_116' title='bbox 1294 1747 1403 1823; x_wconf 84' lang='lat' dir='ltr'><strong>caule</strong></span> <span class='ocrx_word' id='word_1_117' title='bbox 1426 1748 1590 1851; x_wconf 87' lang='lat' dir='ltr'><strong>separati</strong></span> <span class='ocrx_word' id='word_1_118' title='bbox 1615 1764 1654 1821; x_wconf 92' lang='lat' dir='ltr'><strong>et</strong></span> <span class='ocrx_word' id='word_1_119' title='bbox 1679 1764 1788 1823; x_wconf 86' lang='lat' dir='ltr'><strong>terrae</strong></span> <span class='ocrx_word' id='word_1_120' title='bbox 1806 1768 1920 1825; x_wconf 75' lang='lat' dir='ltr'><strong>‘com-</strong></span> 
     </span>
     <span class='ocr_line' id='line_1_14' title="bbox 319 1871 1923 1982; baseline -0.004 -25"><span class='ocrx_word' id='word_1_121' title='bbox 319 1883 442 1971; x_wconf 89' lang='lat' dir='ltr'><strong>missi,</strong></span> <span class='ocrx_word' id='word_1_122' title='bbox 465 1876 721 1982; x_wconf 81' lang='lat' dir='ltr'><strong>physiologice</strong></span> <span class='ocrx_word' id='word_1_123' title='bbox 747 1874 903 1978; x_wconf 86' lang='lat' dir='ltr'><strong>quidem</strong></span> <span class='ocrx_word' id='word_1_124' title='bbox 926 1890 965 1948; x_wconf 94' lang='lat' dir='ltr'><strong>et</strong></span> <span class='ocrx_word' id='word_1_125' title='bbox 990 1872 1202 1963; x_wconf 80' lang='lat' dir='ltr'><strong>anatomice</strong></span> <span class='ocrx_word' id='word_1_126' title='bbox 1228 1893 1257 1946; x_wconf 72' lang='lat' dir='ltr'><strong>a&#39;</strong></span> <span class='ocrx_word' id='word_1_127' title='bbox 1276 1871 1449 1946; x_wconf 84' lang='lat' dir='ltr'><strong>caulibus</strong></span> <span class='ocrx_word' id='word_1_128' title='bbox 1474 1873 1569 1947; x_wconf 86' lang='lat' dir='ltr'><strong>veris</strong></span> <span class='ocrx_word' id='word_1_129' title='bbox 1601 1872 1829 1975; x_wconf 83' lang='lat' dir='ltr'><strong>plerumque</strong></span> <span class='ocrx_word' id='word_1_130' title='bbox 1858 1874 1923 1951; x_wconf 91' lang='lat' dir='ltr'><strong>di-</strong></span> 
     </span>
     <span class='ocr_line' id='line_1_15' title="bbox 318 1995 1923 2109; baseline -0.004 -28"><span class='ocrx_word' id='word_1_131' title='bbox 318 2004 461 2109; x_wconf 83' lang='lat' dir='ltr'><strong>stingui</strong></span> <span class='ocrx_word' id='word_1_132' title='bbox 481 2020 562 2076; x_wconf 86' lang='lat' dir='ltr'><strong>non</strong></span> <span class='ocrx_word' id='word_1_133' title='bbox 580 2016 752 2105; x_wconf 84' lang='lat' dir='ltr'><strong>possunt,</strong></span> <span class='ocrx_word' id='word_1_134' title='bbox 777 1995 1061 2102; x_wconf 84' lang='lat' dir='ltr'><strong>morphologice</strong></span> <span class='ocrx_word' id='word_1_135' title='bbox 1078 1998 1196 2101; x_wconf 87' lang='lat' dir='ltr'><strong>probe</strong></span> <span class='ocrx_word' id='word_1_136' title='bbox 1212 1995 1527 2101; x_wconf 71' lang='lat' dir='ltr'><strong>distinguendi.*)</strong></span> <span class='ocrx_word' id='word_1_137' title='bbox 1552 1997 1791 2073; x_wconf 78' lang='lat' dir='ltr'><strong>strictissimo</strong></span> <span class='ocrx_word' id='word_1_138' title='bbox 1805 2024 1923 2075; x_wconf 89' lang='lat' dir='ltr'><strong>sensu</strong></span> 
     </span>
     <span class='ocr_line' id='line_1_16' title="bbox 310 2120 1956 2232; baseline -0.002 -28"><span class='ocrx_word' id='word_1_139' title='bbox 310 2151 408 2204; x_wconf 88' lang='lat' dir='ltr'><strong>eum</strong></span> <span class='ocrx_word' id='word_1_140' title='bbox 434 2143 587 2202; x_wconf 89' lang='lat' dir='ltr'><strong>tantum</strong></span> <span class='ocrx_word' id='word_1_141' title='bbox 612 2151 721 2199; x_wconf 85' lang='lat' dir='ltr'><strong>axem</strong></span> <span class='ocrx_word' id='word_1_142' title='bbox 745 2124 887 2197; x_wconf 84' lang='lat' dir='ltr'><strong>caulem</strong></span> <span class='ocrx_word' id='word_1_143' title='bbox 910 2121 970 2197; x_wconf 83' lang='lat' dir='ltr'><strong>vel</strong></span> <span class='ocrx_word' id='word_1_144' title='bbox 1005 2149 1114 2197; x_wconf 84' lang='lat' dir='ltr'><strong>axem</strong></span> <span class='ocrx_word' id='word_1_145' title='bbox 1140 2120 1368 2232; x_wconf 85' lang='lat' dir='ltr'><strong>primarium</strong></span> <span class='ocrx_word' id='word_1_146' title='bbox 1400 2148 1534 2197; x_wconf 87' lang='lat' dir='ltr'><strong>vocare</strong></span> <span class='ocrx_word' id='word_1_147' title='bbox 1568 2122 1812 2206; x_wconf 86' lang='lat' dir='ltr'><strong>deberemus,</strong></span> <span class='ocrx_word' id='word_1_148' title='bbox 1846 2126 1921 2226; x_wconf 91' lang='lat' dir='ltr'><strong>qui</strong></span> <span class='ocrx_word' id='word_1_149' title='bbox 1954 2136 1956 2142; x_wconf 83' lang='lat'>&#39;</span> 
     </span>
     <span class='ocr_line' id='line_1_17' title="bbox 319 2242 1924 2356; baseline -0.004 -28"><span class='ocrx_word' id='word_1_150' title='bbox 319 2267 345 2328; x_wconf 80' lang='lat' dir='ltr'><strong>e&#39;</strong></span> <span class='ocrx_word' id='word_1_151' title='bbox 365 2251 542 2356; x_wconf 91' lang='lat' dir='ltr'><strong>plumula</strong></span> <span class='ocrx_word' id='word_1_152' title='bbox 566 2248 719 2324; x_wconf 89' lang='lat' dir='ltr'><strong>seminis</strong></span> <span class='ocrx_word' id='word_1_153' title='bbox 742 2248 917 2351; x_wconf 85' lang='lat' dir='ltr'><strong>elongata</strong></span> <span class='ocrx_word' id='word_1_154' title='bbox 945 2246 1076 2320; x_wconf 92' lang='lat' dir='ltr'><strong>oritur.</strong></span> <span class='ocrx_word' id='word_1_155' title='bbox 1101 2247 1237 2319; x_wconf 89' lang='lat' dir='ltr'><strong>Elucet</strong></span> <span class='ocrx_word' id='word_1_156' title='bbox 1260 2271 1306 2319; x_wconf 86' lang='lat' dir='ltr'><strong>ex</strong></span> <span class='ocrx_word' id='word_1_157' title='bbox 1330 2242 1404 2318; x_wconf 87' lang='lat' dir='ltr'><strong>hac</strong></span> <span class='ocrx_word' id='word_1_158' title='bbox 1428 2243 1704 2332; x_wconf 88' lang='lat' dir='ltr'><strong>observatione,</strong></span> <span class='ocrx_word' id='word_1_159' title='bbox 1729 2245 1830 2317; x_wconf 92' lang='lat' dir='ltr'><strong>nulli</strong></span> <span class='ocrx_word' id='word_1_160' title='bbox 1855 2274 1924 2322; x_wconf 87' lang='lat' dir='ltr'><strong>ve-</strong></span> 
     </span>
    </p>
   </div>
   <div class='ocr_carea' id='block_1_3' title="bbox 319 2363 1922 2479">
    <p class='ocr_par' dir='ltr' id='par_1_4' title="bbox 319 2363 1922 2479">
     <span class='ocr_line' id='line_1_18' title="bbox 319 2363 1922 2479; baseline -0.012 -28"><span class='ocrx_word' id='word_1_161' title='bbox 319 2376 485 2479; x_wconf 16' lang='lat' dir='ltr'><strong>getabili*</strong></span> <span class='ocrx_word' id='word_1_162' title='bbox 499 2373 625 2477; x_wconf 81' lang='lat' dir='ltr'><strong>caules</strong></span> <span class='ocrx_word' id='word_1_163' title='bbox 649 2369 1435 2470; x_wconf 51' lang='lat' dir='ltr'><strong>pmrmtrihmnwnusqnsseue</strong></span> <span class='ocrx_word' id='word_1_164' title='bbox 1449 2389 1635 2465; x_wconf 84' lang='lat' dir='ltr'><strong>perennes</strong></span> <span class='ocrx_word' id='word_1_165' title='bbox 1658 2363 1812 2458; x_wconf 89' lang='lat' dir='ltr'><strong>dicunt,</strong></span> <span class='ocrx_word' id='word_1_166' title='bbox 1838 2371 1922 2472; x_wconf 72' lang='lat' dir='ltr'><strong>pri.</strong></span> 
     </span>
    </p>
   </div>
   <div class='ocr_carea' id='block_1_4' title="bbox 320 2482 1919 2696">
    <p class='ocr_par' dir='ltr' id='par_1_5' title="bbox 320 2482 1919 2696">
     <span class='ocr_line' id='line_1_19' title="bbox 320 2482 1919 2596; baseline -0.001 -26"><span class='ocrx_word' id='word_1_167' title='bbox 320 2525 385 2574; x_wconf 91' lang='lat' dir='ltr'><strong>mo</strong></span> <span class='ocrx_word' id='word_1_168' title='bbox 412 2509 565 2567; x_wconf 91' lang='lat' dir='ltr'><strong>tantum</strong></span> <span class='ocrx_word' id='word_1_169' title='bbox 589 2487 708 2561; x_wconf 85' lang='lat' dir='ltr'><strong>aetatis</strong></span> <span class='ocrx_word' id='word_1_170' title='bbox 733 2511 837 2558; x_wconf 91' lang='lat' dir='ltr'><strong>anno</strong></span> <span class='ocrx_word' id='word_1_171' title='bbox 863 2484 1037 2557; x_wconf 87' lang='lat' dir='ltr'><strong>caulibus</strong></span> <span class='ocrx_word' id='word_1_172' title='bbox 1061 2485 1156 2557; x_wconf 85' lang='lat' dir='ltr'><strong>veris</strong></span> <span class='ocrx_word' id='word_1_173' title='bbox 1169 2482 1358 2586; x_wconf 68' lang='lat' dir='ltr'><strong>,praeditas</strong></span> <span class='ocrx_word' id='word_1_174' title='bbox 1382 2508 1467 2559; x_wconf 85' lang='lat' dir='ltr'><strong>esse.</strong></span> <span class='ocrx_word' id='word_1_175' title='bbox 1493 2488 1539 2560; x_wconf 92' lang='lat' dir='ltr'><strong>In</strong></span> <span class='ocrx_word' id='word_1_176' title='bbox 1564 2504 1622 2562; x_wconf 86' lang='lat' dir='ltr'><strong>sat</strong></span> <span class='ocrx_word' id='word_1_177' title='bbox 1645 2517 1783 2596; x_wconf 83' lang='lat' dir='ltr'><strong>magno</strong></span> <span class='ocrx_word' id='word_1_178' title='bbox 1810 2519 1919 2596; x_wconf 81' lang='lat' dir='ltr'><strong>vege-</strong></span> 
     </span>
     <span class='ocr_line' id='line_1_20' title="bbox 320 2605 1919 2696; baseline -0.003 -1"><span class='ocrx_word' id='word_1_179' title='bbox 320 2618 501 2696; x_wconf 86' lang='lat' dir='ltr'><strong>tabilium</strong></span> <span class='ocrx_word' id='word_1_180' title='bbox 526 2635 687 2687; x_wconf 89' lang='lat' dir='ltr'><strong>numero</strong></span> <span class='ocrx_word' id='word_1_181' title='bbox 712 2606 831 2682; x_wconf 88' lang='lat' dir='ltr'><strong>caulis</strong></span> <span class='ocrx_word' id='word_1_182' title='bbox 857 2634 903 2681; x_wconf 82' lang='lat' dir='ltr'><strong>ex</strong></span> <span class='ocrx_word' id='word_1_183' title='bbox 923 2607 1040 2680; x_wconf 89' lang='lat' dir='ltr'><strong>unico</strong></span> <span class='ocrx_word' id='word_1_184' title='bbox 1064 2605 1304 2680; x_wconf 86' lang='lat' dir='ltr'><strong>solummodo</strong></span> <span class='ocrx_word' id='word_1_185' title='bbox 1328 2605 1389 2681; x_wconf 87' lang='lat' dir='ltr'><strong>vel</strong></span> <span class='ocrx_word' id='word_1_186' title='bbox 1414 2606 1564 2683; x_wconf 90' lang='lat' dir='ltr'><strong>duobus</strong></span> <span class='ocrx_word' id='word_1_187' title='bbox 1590 2613 1814 2691; x_wconf 87' lang='lat' dir='ltr'><strong>internodiis</strong></span> <span class='ocrx_word' id='word_1_188' title='bbox 1839 2616 1919 2691; x_wconf 82' lang='lat' dir='ltr'><strong>for·</strong></span> 
     </span>
    </p>
   </div>
   <div class='ocr_carea' id='block_1_5' title="bbox 318 2715 1917 2842">
    <p class='ocr_par' dir='ltr' id='par_1_6' title="bbox 318 2715 1917 2842">
     <span class='ocr_line' id='line_1_21' title="bbox 318 2715 1917 2842; baseline -0.004 -22"><span class='ocrx_word' id='word_1_189' title='bbox 318 2761 465 2829; x_wconf 90' lang='lat' dir='ltr'><strong>matur,</strong></span> <span class='ocrx_word' id='word_1_190' title='bbox 501 2735 617 2840; x_wconf 90' lang='lat' dir='ltr'><strong>apicis</strong></span> <span class='ocrx_word' id='word_1_191' title='bbox 638 2733 790 2808; x_wconf 23' lang='lat' dir='ltr'><strong>,abortu</strong></span> <span class='ocrx_word' id='word_1_192' title='bbox 821 2715 948 2806; x_wconf 88' lang='lat' dir='ltr'><strong>subito</strong></span> <span class='ocrx_word' id='word_1_193' title='bbox 979 2728 1153 2805; x_wconf 88' lang='lat' dir='ltr'><strong>desinens</strong></span> <span class='ocrx_word' id='word_1_194' title='bbox 1185 2754 1385 2833; x_wconf 88' lang='lat' dir='ltr'><strong>ramosque</strong></span> <span class='ocrx_word' id='word_1_195' title='bbox 1423 2730 1680 2828; x_wconf 68' lang='lat' dir='ltr'><strong>saniferae,</strong></span> <span class='ocrx_word' id='word_1_196' title='bbox 1717 2740 1917 2842; x_wconf 85' lang='lat' dir='ltr'><strong>saepissime</strong></span> 
     </span>
    </p>
   </div>
   <div class='ocr_carea' id='block_1_6' title="bbox 318 2889 851 2921">
    <p class='ocr_par' dir='ltr' id='par_1_7' title="bbox 318 2889 851 2921">
     <span class='ocr_line' id='line_1_22' title="bbox 318 2889 851 2921; baseline -0.011 -12"><span class='ocrx_word' id='word_1_197' title='bbox 318 2889 851 2921; x_wconf 83' lang='lat'><em>...---—-···—---</em></span> 
     </span>
    </p>
   </div>
   <div class='ocr_carea' id='block_1_7' title="bbox 328 2968 1917 3861">
    <p class='ocr_par' dir='ltr' id='par_1_8' title="bbox 367 2968 1917 3540">
     <span class='ocr_line' id='line_1_23' title="bbox 367 2968 1917 3059; baseline -0.001 -24"><span class='ocrx_word' id='word_1_198' title='bbox 367 3036 373 3040; x_wconf 65' lang='grc'><strong>,,</strong></span> <span class='ocrx_word' id='word_1_199' title='bbox 400 2978 529 3059; x_wconf 82' lang='lat' dir='ltr'><strong>primam</strong></span> <span class='ocrx_word' id='word_1_200' title='bbox 550 2971 796 3049; x_wconf 79' lang='lat' dir='ltr'><strong>indurescentiam</strong></span> <span class='ocrx_word' id='word_1_201' title='bbox 817 2969 878 3029; x_wconf 82' lang='lat' dir='ltr'><strong>sive</strong></span> <span class='ocrx_word' id='word_1_202' title='bbox 903 2968 1034 3046; x_wconf 82' lang='lat' dir='ltr'><strong>primum</strong></span> <span class='ocrx_word' id='word_1_203' title='bbox 1056 2969 1225 3046; x_wconf 89' lang='lat' dir='ltr'><strong>capreolum</strong></span> <span class='ocrx_word' id='word_1_204' title='bbox 1246 2986 1344 3028; x_wconf 83' lang='lat' dir='ltr'><strong>revera</strong></span> <span class='ocrx_word' id='word_1_205' title='bbox 1365 2968 1550 3030; x_wconf 85' lang='lat' dir='ltr'><strong>terminalem</strong></span> <span class='ocrx_word' id='word_1_206' title='bbox 1571 2969 1748 3046; x_wconf 84' lang='lat' dir='ltr'><strong>habeamus,</strong></span> <span class='ocrx_word' id='word_1_207' title='bbox 1768 2987 1797 3035; x_wconf 88' lang='lat' dir='ltr'><strong>et</strong></span> <span class='ocrx_word' id='word_1_208' title='bbox 1816 2981 1917 3056; x_wconf 68' lang='lat' dir='ltr'><strong>spuria</strong></span> 
     </span>
     <span class='ocr_line' id='line_1_24' title="bbox 398 3048 1915 3134; baseline 0.001 -19"><span class='ocrx_word' id='word_1_209' title='bbox 398 3067 516 3118; x_wconf 84' lang='lat' dir='ltr'><strong>tanturn</strong></span> <span class='ocrx_word' id='word_1_210' title='bbox 538 3057 686 3112; x_wconf 84' lang='lat' dir='ltr'><strong>lateralem</strong></span> <span class='ocrx_word' id='word_1_211' title='bbox 710 3053 832 3122; x_wconf 84' lang='lat' dir='ltr'><strong>laetam,</strong></span> <span class='ocrx_word' id='word_1_212' title='bbox 854 3052 1023 3109; x_wconf 87' lang='lat' dir='ltr'><strong>evolutione</strong></span> <span class='ocrx_word' id='word_1_213' title='bbox 1044 3049 1219 3126; x_wconf 79' lang='lat' dir='ltr'><strong>praecociore</strong></span> <span class='ocrx_word' id='word_1_214' title='bbox 1239 3050 1325 3119; x_wconf 89' lang='lat' dir='ltr'><strong>rami,</strong></span> <span class='ocrx_word' id='word_1_215' title='bbox 1347 3048 1376 3106; x_wconf 90' lang='lat' dir='ltr'><strong>in</strong></span> <span class='ocrx_word' id='word_1_216' title='bbox 1400 3051 1487 3108; x_wconf 88' lang='lat' dir='ltr'><strong>axilla</strong></span> <span class='ocrx_word' id='word_1_217' title='bbox 1508 3054 1591 3122; x_wconf 84' lang='lat' dir='ltr'><strong>lolii,</strong></span> <span class='ocrx_word' id='word_1_218' title='bbox 1613 3058 1748 3128; x_wconf 88' lang='lat' dir='ltr'><strong>capreolo</strong></span> <span class='ocrx_word' id='word_1_219' title='bbox 1768 3063 1915 3134; x_wconf 86' lang='lat' dir='ltr'><strong>proximi,</strong></span> 
     </span>
     <span class='ocr_line' id='line_1_25' title="bbox 400 3129 1917 3208; baseline -0.007 -11"><span class='ocrx_word' id='word_1_220' title='bbox 400 3136 549 3197; x_wconf 84' lang='lat' dir='ltr'><strong>collocati.</strong></span> <span class='ocrx_word' id='word_1_221' title='bbox 590 3134 699 3190; x_wconf 85' lang='lat' dir='ltr'><strong>Ramus</strong></span> <span class='ocrx_word' id='word_1_222' title='bbox 720 3135 792 3204; x_wconf 90' lang='lat' dir='ltr'><strong>iste,</strong></span> <span class='ocrx_word' id='word_1_223' title='bbox 813 3131 891 3187; x_wconf 87' lang='lat' dir='ltr'><strong>cauli</strong></span> <span class='ocrx_word' id='word_1_224' title='bbox 912 3130 1038 3188; x_wconf 91' lang='lat' dir='ltr'><strong>omnino</strong></span> <span class='ocrx_word' id='word_1_225' title='bbox 1059 3130 1184 3208; x_wconf 83' lang='lat' dir='ltr'><strong>similis,</strong></span> <span class='ocrx_word' id='word_1_226' title='bbox 1206 3129 1237 3186; x_wconf 88' lang='lat' dir='ltr'><strong>in</strong></span> <span class='ocrx_word' id='word_1_227' title='bbox 1259 3130 1357 3208; x_wconf 91' lang='lat' dir='ltr'><strong>primo</strong></span> <span class='ocrx_word' id='word_1_228' title='bbox 1379 3141 1431 3187; x_wconf 88' lang='lat' dir='ltr'><strong>aut</strong></span> <span class='ocrx_word' id='word_1_229' title='bbox 1457 3133 1585 3190; x_wconf 87' lang='lat' dir='ltr'><strong>seeundo</strong></span> <span class='ocrx_word' id='word_1_230' title='bbox 1607 3133 1689 3189; x_wconf 91' lang='lat' dir='ltr'><strong>nodo</strong></span> <span class='ocrx_word' id='word_1_231' title='bbox 1717 3136 1824 3192; x_wconf 88' lang='lat' dir='ltr'><strong>iterum</strong></span> <span class='ocrx_word' id='word_1_232' title='bbox 1858 3149 1917 3198; x_wconf 87' lang='lat' dir='ltr'><strong>ter.</strong></span> 
     </span>
     <span class='ocr_line' id='line_1_26' title="bbox 399 3209 1915 3298; baseline 0 -21"><span class='ocrx_word' id='word_1_233' title='bbox 399 3223 533 3278; x_wconf 88' lang='lat' dir='ltr'><strong>minatur</strong></span> <span class='ocrx_word' id='word_1_234' title='bbox 552 3213 769 3293; x_wconf 76' lang='lat' dir='ltr'><strong>inflorescentia</strong></span> <span class='ocrx_word' id='word_1_235' title='bbox 789 3230 810 3268; x_wconf 94' lang='lat' dir='ltr'><strong>s.</strong></span> <span class='ocrx_word' id='word_1_236' title='bbox 833 3210 988 3287; x_wconf 88' lang='lat' dir='ltr'><strong>capreolo,</strong></span> <span class='ocrx_word' id='word_1_237' title='bbox 1018 3209 1233 3267; x_wconf 81' lang='lat' dir='ltr'><strong>eodemmodo</strong></span> <span class='ocrx_word' id='word_1_238' title='bbox 1256 3230 1291 3268; x_wconf 88' lang='lat' dir='ltr'><strong>ae</strong></span> <span class='ocrx_word' id='word_1_239' title='bbox 1312 3210 1505 3284; x_wconf 81' lang='lat' dir='ltr'><strong>antecedens,</strong></span> <span class='ocrx_word' id='word_1_240' title='bbox 1525 3213 1600 3269; x_wconf 91' lang='lat' dir='ltr'><strong>rami</strong></span> <span class='ocrx_word' id='word_1_241' title='bbox 1621 3213 1707 3270; x_wconf 85' lang='lat' dir='ltr'><strong>eitius</strong></span> <span class='ocrx_word' id='word_1_242' title='bbox 1727 3219 1835 3276; x_wconf 81' lang='lat' dir='ltr'><strong>evoluti</strong></span> <span class='ocrx_word' id='word_1_243' title='bbox 1859 3240 1915 3298; x_wconf 90' lang='lat' dir='ltr'><strong>ope</strong></span> 
     </span>
     <span class='ocr_line' id='line_1_27' title="bbox 399 3288 1917 3374; baseline -0.003 -17"><span class='ocrx_word' id='word_1_244' title='bbox 399 3299 437 3358; x_wconf 86' lang='lat' dir='ltr'><strong>ad</strong></span> <span class='ocrx_word' id='word_1_245' title='bbox 459 3302 535 3355; x_wconf 88' lang='lat' dir='ltr'><strong>latus</strong></span> <span class='ocrx_word' id='word_1_246' title='bbox 556 3293 687 3364; x_wconf 84' lang='lat' dir='ltr'><strong>deflexo,</strong></span> <span class='ocrx_word' id='word_1_247' title='bbox 720 3303 749 3349; x_wconf 89' lang='lat' dir='ltr'><strong>et</strong></span> <span class='ocrx_word' id='word_1_248' title='bbox 769 3292 812 3349; x_wconf 87' lang='lat' dir='ltr'><strong>sie</strong></span> <span class='ocrx_word' id='word_1_249' title='bbox 832 3309 930 3368; x_wconf 89' lang='lat' dir='ltr'><strong>porro.</strong></span> <span class='ocrx_word' id='word_1_250' title='bbox 970 3289 1034 3347; x_wconf 88' lang='lat' dir='ltr'><strong>Tali</strong></span> <span class='ocrx_word' id='word_1_251' title='bbox 1055 3289 1146 3346; x_wconf 92' lang='lat' dir='ltr'><strong>modo</strong></span> <span class='ocrx_word' id='word_1_252' title='bbox 1167 3291 1296 3349; x_wconf 83' lang='lat' dir='ltr'><strong>eveniret</strong></span> <span class='ocrx_word' id='word_1_253' title='bbox 1316 3301 1351 3349; x_wconf 88' lang='lat' dir='ltr'><strong>ut</strong></span> <span class='ocrx_word' id='word_1_254' title='bbox 1374 3288 1403 3348; x_wconf 84' lang='lat' dir='ltr'><em>V</em></span> <span class='ocrx_word' id='word_1_255' title='bbox 1401 3290 1448 3350; x_wconf 85' lang='lat' dir='ltr'><strong>itis</strong></span> <span class='ocrx_word' id='word_1_256' title='bbox 1468 3291 1601 3366; x_wconf 71' lang='lat' dir='ltr'><strong>viniferae</strong></span> <span class='ocrx_word' id='word_1_257' title='bbox 1620 3312 1718 3351; x_wconf 85' lang='lat' dir='ltr'><strong>ramus</strong></span> <span class='ocrx_word' id='word_1_258' title='bbox 1740 3303 1917 3374; x_wconf 75' lang='lat' dir='ltr'><strong>capreolifer</strong></span> 
     </span>
     <span class='ocr_line' id='line_1_28' title="bbox 398 3369 1916 3456; baseline 0.002 -18"><span class='ocrx_word' id='word_1_259' title='bbox 398 3401 421 3438; x_wconf 91' lang='lat' dir='ltr'><strong>s.</strong></span> <span class='ocrx_word' id='word_1_260' title='bbox 429 3378 549 3456; x_wconf 47' lang='lat' dir='ltr'><strong>¹florifer</strong></span> <span class='ocrx_word' id='word_1_261' title='bbox 568 3397 602 3435; x_wconf 85' lang='lat' dir='ltr'><strong>ex</strong></span> <span class='ocrx_word' id='word_1_262' title='bbox 623 3384 667 3431; x_wconf 89' lang='lat' dir='ltr'><strong>tot</strong></span> <span class='ocrx_word' id='word_1_263' title='bbox 685 3371 787 3430; x_wconf 87' lang='lat' dir='ltr'><strong>axibus</strong></span> <span class='ocrx_word' id='word_1_264' title='bbox 803 3374 823 3429; x_wconf 91' lang='lat' dir='ltr'><strong>l.</strong></span> <span class='ocrx_word' id='word_1_265' title='bbox 841 3372 929 3429; x_wconf 83' lang='lat' dir='ltr'><strong>ramis</strong></span> <span class='ocrx_word' id='word_1_266' title='bbox 948 3369 1066 3430; x_wconf 82' lang='lat' dir='ltr'><strong>dirersis</strong></span> <span class='ocrx_word' id='word_1_267' title='bbox 1086 3381 1248 3444; x_wconf 88' lang='lat' dir='ltr'><strong>constaret,</strong></span> <span class='ocrx_word' id='word_1_268' title='bbox 1270 3382 1343 3452; x_wconf 90' lang='lat' dir='ltr'><strong>quot</strong></span> <span class='ocrx_word' id='word_1_269' title='bbox 1363 3373 1396 3430; x_wconf 92' lang='lat' dir='ltr'><strong>in</strong></span> <span class='ocrx_word' id='word_1_270' title='bbox 1417 3392 1452 3430; x_wconf 91' lang='lat' dir='ltr'><strong>eo</strong></span> <span class='ocrx_word' id='word_1_271' title='bbox 1472 3374 1624 3449; x_wconf 83' lang='lat' dir='ltr'><strong>capreolos</strong></span> <span class='ocrx_word' id='word_1_272' title='bbox 1644 3374 1701 3432; x_wconf 81' lang='lat' dir='ltr'><strong>sive</strong></span> <span class='ocrx_word' id='word_1_273' title='bbox 1721 3375 1916 3441; x_wconf 86' lang='lat' dir='ltr'><strong>inflorescen-</strong></span> 
     </span>
     <span class='ocr_line' id='line_1_29' title="bbox 400 3449 1914 3540; baseline -0.004 -24"><span class='ocrx_word' id='word_1_274' title='bbox 400 3461 455 3516; x_wconf 88' lang='lat' dir='ltr'><strong>tias</strong></span> <span class='ocrx_word' id='word_1_275' title='bbox 485 3475 684 3513; x_wconf 86' lang='lat' dir='ltr'><strong>numeramus.</strong></span> <span class='ocrx_word' id='word_1_276' title='bbox 710 3453 882 3540; x_wconf 45' lang='lat' dir='ltr'><strong>⁸Adjuvatur</strong></span> <span class='ocrx_word' id='word_1_277' title='bbox 902 3449 962 3511; x_wconf 83' lang='lat' dir='ltr'><strong>haec</strong></span> <span class='ocrx_word' id='word_1_278' title='bbox 988 3452 1093 3530; x_wconf 91' lang='lat' dir='ltr'><strong>opinio</strong></span> <span class='ocrx_word' id='word_1_279' title='bbox 1114 3451 1293 3512; x_wconf 87' lang='lat' dir='ltr'><strong>flexuositate</strong></span> <span class='ocrx_word' id='word_1_280' title='bbox 1314 3472 1463 3510; x_wconf 90' lang='lat' dir='ltr'><strong>ramorum</strong></span> <span class='ocrx_word' id='word_1_281' title='bbox 1490 3450 1566 3512; x_wconf 84' lang='lat' dir='ltr'><strong>Vitis</strong></span> <span class='ocrx_word' id='word_1_282' title='bbox 1585 3453 1737 3530; x_wconf 71' lang='lat' dir='ltr'><strong>viniferae,</strong></span> <span class='ocrx_word' id='word_1_283' title='bbox 1758 3462 1914 3537; x_wconf 70' lang='lat' dir='ltr'><strong>plurimis.</strong></span> 
     </span>
    </p>

    <p class='ocr_par' dir='ltr' id='par_1_9' title="bbox 328 3527 1914 3861">
     <span class='ocr_line' id='line_1_30' title="bbox 328 3527 1911 3618; baseline 0.001 -21"><span class='ocrx_word' id='word_1_284' title='bbox 328 3547 331 3551; x_wconf 85' lang='lat'>&#39;</span> <span class='ocrx_word' id='word_1_285' title='bbox 400 3558 457 3618; x_wconf 88' lang='lat' dir='ltr'><strong>que</strong></span> <span class='ocrx_word' id='word_1_286' title='bbox 487 3538 612 3615; x_wconf 88' lang='lat' dir='ltr'><strong>aliisque</strong></span> <span class='ocrx_word' id='word_1_287' title='bbox 639 3537 769 3614; x_wconf 85' lang='lat' dir='ltr'><strong>plantis,</strong></span> <span class='ocrx_word' id='word_1_288' title='bbox 811 3532 849 3612; x_wconf 81' lang='lat' dir='ltr'><strong>(e.</strong></span> <span class='ocrx_word' id='word_1_289' title='bbox 878 3552 906 3613; x_wconf 83' lang='lat' dir='ltr'><strong>g.</strong></span> <span class='ocrx_word' id='word_1_290' title='bbox 940 3531 1064 3606; x_wconf 79' lang='lat' dir='ltr'><strong>Ricina,</strong></span> <span class='ocrx_word' id='word_1_291' title='bbox 1097 3531 1305 3615; x_wconf 67' lang='lat' dir='ltr'><strong>Phytolaecoe,</strong></span> <span class='ocrx_word' id='word_1_292' title='bbox 1332 3531 1523 3613; x_wconf 81' lang='lat' dir='ltr'><strong>Mieroteoe,)</strong></span> <span class='ocrx_word' id='word_1_293' title='bbox 1552 3527 1586 3591; x_wconf 91' lang='lat' dir='ltr'><strong>in</strong></span> <span class='ocrx_word' id='word_1_294' title='bbox 1613 3534 1720 3614; x_wconf 90' lang='lat' dir='ltr'><strong>quibus</strong></span> <span class='ocrx_word' id='word_1_295' title='bbox 1751 3539 1837 3600; x_wconf 84' lang='lat' dir='ltr'><strong>flores</strong></span> <span class='ocrx_word' id='word_1_296' title='bbox 1866 3546 1911 3604; x_wconf 83' lang='lat' dir='ltr'><strong>vel</strong></span> 
     </span>
     <span class='ocr_line' id='line_1_31' title="bbox 400 3613 1914 3692; baseline -0.006 -14"><span class='ocrx_word' id='word_1_297' title='bbox 400 3617 625 3678; x_wconf 84' lang='lat' dir='ltr'><strong>inflorescentiae</strong></span> <span class='ocrx_word' id='word_1_298' title='bbox 645 3636 675 3674; x_wconf 89' lang='lat' dir='ltr'><strong>re</strong></span> <span class='ocrx_word' id='word_1_299' title='bbox 695 3634 761 3673; x_wconf 87' lang='lat' dir='ltr'><strong>vera</strong></span> <span class='ocrx_word' id='word_1_300' title='bbox 783 3613 968 3686; x_wconf 85' lang='lat' dir='ltr'><strong>terminales,</strong></span> <span class='ocrx_word' id='word_1_301' title='bbox 989 3625 1139 3671; x_wconf 86' lang='lat' dir='ltr'><strong>ramorum</strong></span> <span class='ocrx_word' id='word_1_302' title='bbox 1163 3614 1329 3674; x_wconf 88' lang='lat' dir='ltr'><strong>evolutione</strong></span> <span class='ocrx_word' id='word_1_303' title='bbox 1349 3617 1447 3692; x_wconf 89' lang='lat' dir='ltr'><strong>spurie</strong></span> <span class='ocrx_word' id='word_1_304' title='bbox 1468 3617 1600 3674; x_wconf 86' lang='lat' dir='ltr'><strong>laterales</strong></span> <span class='ocrx_word' id='word_1_305' title='bbox 1621 3619 1710 3683; x_wconf 85' lang='lat' dir='ltr'><strong>liunt.</strong></span> <span class='ocrx_word' id='word_1_306' title='bbox 1738 3618 1844 3680; x_wconf 83' lang='lat' dir='ltr'><strong>Fateor</strong></span> <span class='ocrx_word' id='word_1_307' title='bbox 1862 3642 1914 3679; x_wconf 81' lang='lat' dir='ltr'><strong>ex..</strong></span> 
     </span>
     <span class='ocr_line' id='line_1_32' title="bbox 402 3692 1913 3782; baseline 0.001 -24"><span class='ocrx_word' id='word_1_308' title='bbox 402 3700 604 3782; x_wconf 88' lang='lat' dir='ltr'><strong>plicationem,</strong></span> <span class='ocrx_word' id='word_1_309' title='bbox 627 3717 715 3776; x_wconf 89' lang='lat' dir='ltr'><strong>quam</strong></span> <span class='ocrx_word' id='word_1_310' title='bbox 737 3713 826 3774; x_wconf 87' lang='lat' dir='ltr'><strong>supra</strong></span> <span class='ocrx_word' id='word_1_311' title='bbox 847 3692 926 3766; x_wconf 89' lang='lat' dir='ltr'><strong>dedi,</strong></span> <span class='ocrx_word' id='word_1_312' title='bbox 946 3693 1009 3752; x_wconf 85' lang='lat' dir='ltr'><strong>non</strong></span> <span class='ocrx_word' id='word_1_313' title='bbox 1029 3695 1202 3756; x_wconf 80' lang='lat' dir='ltr'><strong>facillimam</strong></span> <span class='ocrx_word' id='word_1_314' title='bbox 1223 3715 1293 3767; x_wconf 88' lang='lat' dir='ltr'><strong>esse,</strong></span> <span class='ocrx_word' id='word_1_315' title='bbox 1313 3705 1499 3770; x_wconf 85' lang='lat' dir='ltr'><strong>compertum</strong></span> <span class='ocrx_word' id='word_1_316' title='bbox 1514 3706 1610 3755; x_wconf 87' lang='lat' dir='ltr'><strong>autern</strong></span> <span class='ocrx_word' id='word_1_317' title='bbox 1632 3695 1738 3775; x_wconf 88' lang='lat' dir='ltr'><strong>habeo,</strong></span> <span class='ocrx_word' id='word_1_318' title='bbox 1759 3702 1913 3760; x_wconf 81' lang='lat' dir='ltr'><strong>facillimas</strong></span> 
     </span>
     <span class='ocr_line' id='line_1_33' title="bbox 402 3775 1092 3861; baseline -0.013 -20"><span class='ocrx_word' id='word_1_319' title='bbox 402 3780 610 3861; x_wconf 85' lang='lat' dir='ltr'><strong>explicationes</strong></span> <span class='ocrx_word' id='word_1_320' title='bbox 630 3797 693 3834; x_wconf 91' lang='lat' dir='ltr'><strong>non</strong></span> <span class='ocrx_word' id='word_1_321' title='bbox 714 3796 829 3855; x_wconf 87' lang='lat' dir='ltr'><strong>semper</strong></span> <span class='ocrx_word' id='word_1_322' title='bbox 849 3775 1005 3833; x_wconf 86' lang='lat' dir='ltr'><strong>tutissimas</strong></span> <span class='ocrx_word' id='word_1_323' title='bbox 1024 3795 1092 3833; x_wconf 88' lang='lat' dir='ltr'><strong>esse.</strong></span> 
     </span>
    </p>
   </div>
   <div class='ocr_carea' id='block_1_8' title="bbox 328 3875 1911 4456">
    <p class='ocr_par' dir='ltr' id='par_1_10' title="bbox 341 3875 1909 3965">
     <span class='ocr_line' id='line_1_34' title="bbox 341 3875 1909 3965; baseline 0 -20"><span class='ocrx_word' id='word_1_324' title='bbox 341 3884 368 3965; x_wconf 73' lang='lat'><strong>*)</strong></span> <span class='ocrx_word' id='word_1_325' title='bbox 401 3887 509 3965; x_wconf 82' lang='lat' dir='ltr'><strong>Saepius</strong></span> <span class='ocrx_word' id='word_1_326' title='bbox 529 3885 626 3942; x_wconf 82' lang='lat' dir='ltr'><strong>caules</strong></span> <span class='ocrx_word' id='word_1_327' title='bbox 654 3882 724 3940; x_wconf 89' lang='lat' dir='ltr'><strong>istos</strong></span> <span class='ocrx_word' id='word_1_328' title='bbox 751 3891 779 3938; x_wconf 89' lang='lat' dir='ltr'><strong>et</strong></span> <span class='ocrx_word' id='word_1_329' title='bbox 800 3878 1014 3960; x_wconf 76' lang='lat' dir='ltr'><strong>physiologicas</strong></span> <span class='ocrx_word' id='word_1_330' title='bbox 1034 3876 1168 3937; x_wconf 87' lang='lat' dir='ltr'><strong>exhibere</strong></span> <span class='ocrx_word' id='word_1_331' title='bbox 1189 3876 1388 3951; x_wconf 83' lang='lat' dir='ltr'><strong>differentias,</strong></span> <span class='ocrx_word' id='word_1_332' title='bbox 1414 3875 1566 3961; x_wconf 84' lang='lat' dir='ltr'><strong>hucusque</strong></span> <span class='ocrx_word' id='word_1_333' title='bbox 1593 3884 1718 3942; x_wconf 90' lang='lat' dir='ltr'><strong>omnino</strong></span> <span class='ocrx_word' id='word_1_334' title='bbox 1745 3885 1909 3960; x_wconf 87' lang='lat' dir='ltr'><strong>neglectas,</strong></span> 
     </span>
    </p>

    <p class='ocr_par' dir='ltr' id='par_1_11' title="bbox 328 3959 1911 4456">
     <span class='ocr_line' id='line_1_35' title="bbox 328 3959 1910 4038; baseline 0.001 -13"><span class='ocrx_word' id='word_1_335' title='bbox 328 3980 330 3986; x_wconf 86' lang='lat'>&#39;</span> <span class='ocrx_word' id='word_1_336' title='bbox 402 3968 463 4024; x_wconf 90' lang='lat' dir='ltr'><strong>alio</strong></span> <span class='ocrx_word' id='word_1_337' title='bbox 484 3969 551 4024; x_wconf 90' lang='lat' dir='ltr'><strong>loco</strong></span> <span class='ocrx_word' id='word_1_338' title='bbox 571 3971 801 4022; x_wconf 91' lang='lat' dir='ltr'><strong>commonstrare</strong></span> <span class='ocrx_word' id='word_1_339' title='bbox 823 3961 962 4025; x_wconf 86' lang='lat' dir='ltr'><strong>conabor.</strong></span> <span class='ocrx_word' id='word_1_340' title='bbox 979 4026 983 4031; x_wconf 44' lang='grc'><em>,</em></span> <span class='ocrx_word' id='word_1_341' title='bbox 1001 3960 1059 4018; x_wconf 85' lang='lat' dir='ltr'><strong>llic</strong></span> <span class='ocrx_word' id='word_1_342' title='bbox 1079 3981 1095 4018; x_wconf 91' lang='lat' dir='ltr'><strong>e</strong></span> <span class='ocrx_word' id='word_1_343' title='bbox 1115 3961 1253 4038; x_wconf 88' lang='lat' dir='ltr'><strong>plurimis</strong></span> <span class='ocrx_word' id='word_1_344' title='bbox 1274 3979 1365 4017; x_wconf 89' lang='lat' dir='ltr'><strong>unam</strong></span> <span class='ocrx_word' id='word_1_345' title='bbox 1387 3969 1502 4018; x_wconf 85' lang='lat' dir='ltr'><strong>tanturn</strong></span> <span class='ocrx_word' id='word_1_346' title='bbox 1523 3961 1673 4023; x_wconf 89' lang='lat' dir='ltr'><strong>indicabo.</strong></span> <span class='ocrx_word' id='word_1_347' title='bbox 1705 3959 1806 4022; x_wconf 77' lang='lat' dir='ltr'><strong>Cauiis</strong></span> <span class='ocrx_word' id='word_1_348' title='bbox 1825 3985 1910 4027; x_wconf 82' lang='lat' dir='ltr'><strong>verus</strong></span> 
     </span>
     <span class='ocr_line' id='line_1_36' title="bbox 399 4039 1909 4128; baseline -0.001 -23"><span class='ocrx_word' id='word_1_349' title='bbox 399 4046 432 4106; x_wconf 92' lang='lat' dir='ltr'><strong>in</strong></span> <span class='ocrx_word' id='word_1_350' title='bbox 455 4045 594 4103; x_wconf 88' lang='lat' dir='ltr'><strong>omnibus</strong></span> <span class='ocrx_word' id='word_1_351' title='bbox 614 4043 743 4121; x_wconf 85' lang='lat' dir='ltr'><strong>plantis,</strong></span> <span class='ocrx_word' id='word_1_352' title='bbox 773 4062 836 4122; x_wconf 78' lang='lat' dir='ltr'><strong>quse</strong></span> <span class='ocrx_word' id='word_1_353' title='bbox 862 4039 1086 4100; x_wconf 79' lang='lat' dir='ltr'><strong>infloressentiis</strong></span> <span class='ocrx_word' id='word_1_354' title='bbox 1114 4041 1350 4099; x_wconf 82' lang='lat' dir='ltr'><strong>indeterminatis</strong></span> <span class='ocrx_word' id='word_1_355' title='bbox 1370 4041 1497 4119; x_wconf 74' lang='lat' dir='ltr'><strong>praeditae</strong></span> <span class='ocrx_word' id='word_1_356' title='bbox 1517 4055 1600 4118; x_wconf 89' lang='lat' dir='ltr'><strong>sunt,</strong></span> <span class='ocrx_word' id='word_1_357' title='bbox 1622 4062 1781 4120; x_wconf 80' lang='lat' dir='ltr'><strong>numquam</strong></span> <span class='ocrx_word' id='word_1_358' title='bbox 1801 4065 1909 4128; x_wconf 83' lang='lat' dir='ltr'><strong>organa</strong></span> 
     </span>
     <span class='ocr_line' id='line_1_37' title="bbox 398 4121 1910 4207; baseline -0.001 -22"><span class='ocrx_word' id='word_1_359' title='bbox 398 4125 514 4186; x_wconf 85' lang='lat' dir='ltr'><strong>floralia</strong></span> <span class='ocrx_word' id='word_1_360' title='bbox 534 4126 640 4207; x_wconf 82' lang='lat' dir='ltr'><strong>gignit,</strong></span> <span class='ocrx_word' id='word_1_361' title='bbox 660 4134 762 4204; x_wconf 77' lang='lat' dir='ltr'><strong>preter</strong></span> <span class='ocrx_word' id='word_1_362' title='bbox 781 4141 877 4180; x_wconf 87' lang='lat' dir='ltr'><strong>ramos</strong></span> <span class='ocrx_word' id='word_1_363' title='bbox 898 4121 1083 4203; x_wconf 70' lang='lat' dir='ltr'><strong>cotyledones</strong></span> <span class='ocrx_word' id='word_1_364' title='bbox 1104 4133 1231 4196; x_wconf 79' lang='lat' dir='ltr'><strong>tantum,</strong></span> <span class='ocrx_word' id='word_1_365' title='bbox 1252 4122 1323 4179; x_wconf 85' lang='lat' dir='ltr'><strong>folia</strong></span> <span class='ocrx_word' id='word_1_366' title='bbox 1342 4140 1420 4195; x_wconf 86' lang='lat' dir='ltr'><strong>vera,</strong></span> <span class='ocrx_word' id='word_1_367' title='bbox 1431 4123 1591 4204; x_wconf 86' lang='lat' dir='ltr'><strong>saepiusque</strong></span> <span class='ocrx_word' id='word_1_368' title='bbox 1612 4127 1741 4184; x_wconf 86' lang='lat' dir='ltr'><strong>bracteas</strong></span> <span class='ocrx_word' id='word_1_369' title='bbox 1762 4124 1910 4204; x_wconf 85' lang='lat' dir='ltr'><strong>exhibens,</strong></span> 
     </span>
     <span class='ocr_line' id='line_1_38' title="bbox 402 4200 1911 4287; baseline -0.002 -19"><span class='ocrx_word' id='word_1_370' title='bbox 402 4218 432 4269; x_wconf 90' lang='lat' dir='ltr'><strong>et</strong></span> <span class='ocrx_word' id='word_1_371' title='bbox 459 4208 501 4265; x_wconf 90' lang='lat' dir='ltr'><strong>ita</strong></span> <span class='ocrx_word' id='word_1_372' title='bbox 531 4204 753 4287; x_wconf 87' lang='lat' dir='ltr'><strong>quodammodo</strong></span> <span class='ocrx_word' id='word_1_373' title='bbox 773 4223 836 4263; x_wconf 88' lang='lat' dir='ltr'><strong>non</strong></span> <span class='ocrx_word' id='word_1_374' title='bbox 857 4203 916 4262; x_wconf 85' lang='lat' dir='ltr'><strong>sihi</strong></span> <span class='ocrx_word' id='word_1_375' title='bbox 936 4203 986 4263; x_wconf 88' lang='lat' dir='ltr'><strong>sed</strong></span> <span class='ocrx_word' id='word_1_376' title='bbox 1013 4203 1078 4261; x_wconf 86' lang='lat' dir='ltr'><strong>aliis</strong></span> <span class='ocrx_word' id='word_1_377' title='bbox 1097 4205 1208 4263; x_wconf 82' lang='lat' dir='ltr'><strong>rivaus.</strong></span> <span class='ocrx_word' id='word_1_378' title='bbox 1247 4201 1334 4260; x_wconf 83' lang='lat' dir='ltr'><strong>Romi</strong></span> <span class='ocrx_word' id='word_1_379' title='bbox 1355 4202 1388 4260; x_wconf 91' lang='lat' dir='ltr'><strong>in</strong></span> <span class='ocrx_word' id='word_1_380' title='bbox 1408 4200 1507 4262; x_wconf 87' lang='lat' dir='ltr'><strong>herbis</strong></span> <span class='ocrx_word' id='word_1_381' title='bbox 1528 4208 1619 4266; x_wconf 84' lang='lat' dir='ltr'><strong>rarius</strong></span> <span class='ocrx_word' id='word_1_382' title='bbox 1640 4209 1738 4264; x_wconf 91' lang='lat' dir='ltr'><strong>nullos</strong></span> <span class='ocrx_word' id='word_1_383' title='bbox 1757 4209 1911 4286; x_wconf 79' lang='lat' dir='ltr'><strong>proferunt</strong></span> 
     </span>
     <span class='ocr_line' id='line_1_39' title="bbox 401 4279 1911 4367; baseline -0.002 -19"><span class='ocrx_word' id='word_1_384' title='bbox 401 4287 508 4359; x_wconf 85' lang='lat' dir='ltr'><strong>flores,</strong></span> <span class='ocrx_word' id='word_1_385' title='bbox 528 4289 668 4347; x_wconf 89' lang='lat' dir='ltr'><strong>arborum</strong></span> <span class='ocrx_word' id='word_1_386' title='bbox 689 4287 763 4346; x_wconf 86' lang='lat' dir='ltr'><strong>rami</strong></span> <span class='ocrx_word' id='word_1_387' title='bbox 783 4285 915 4364; x_wconf 87' lang='lat' dir='ltr'><strong>primarii</strong></span> <span class='ocrx_word' id='word_1_388' title='bbox 937 4286 1016 4355; x_wconf 84' lang='lat' dir='ltr'><strong>(ares</strong></span> <span class='ocrx_word' id='word_1_389' title='bbox 1029 4283 1206 4362; x_wconf 84' lang='lat' dir='ltr'><strong>secundarii)</strong></span> <span class='ocrx_word' id='word_1_390' title='bbox 1226 4279 1307 4343; x_wconf 87' lang='lat' dir='ltr'><strong>haud</strong></span> <span class='ocrx_word' id='word_1_391' title='bbox 1328 4284 1370 4345; x_wconf 90' lang='lat' dir='ltr'><strong>ita</strong></span> <span class='ocrx_word' id='word_1_392' title='bbox 1389 4302 1455 4345; x_wconf 86' lang='lat' dir='ltr'><strong>raro</strong></span> <span class='ocrx_word' id='word_1_393' title='bbox 1473 4287 1583 4348; x_wconf 88' lang='lat' dir='ltr'><strong>steriles</strong></span> <span class='ocrx_word' id='word_1_394' title='bbox 1602 4297 1691 4362; x_wconf 84' lang='lat' dir='ltr'><strong>suut,</strong></span> <span class='ocrx_word' id='word_1_395' title='bbox 1712 4286 1771 4347; x_wconf 92' lang='lat' dir='ltr'><strong>hoc</strong></span> <span class='ocrx_word' id='word_1_396' title='bbox 1790 4298 1833 4346; x_wconf 88' lang='lat' dir='ltr'><strong>est</strong></span> <span class='ocrx_word' id='word_1_397' title='bbox 1851 4289 1911 4367; x_wconf 89' lang='lat' dir='ltr'><strong>ipsi</strong></span> 
     </span>
     <span class='ocr_line' id='line_1_40' title="bbox 399 4365 958 4456; baseline -0.007 -25"><span class='ocrx_word' id='word_1_398' title='bbox 399 4371 518 4456; x_wconf 79' lang='lat' dir='ltr'><strong>organis</strong></span> <span class='ocrx_word' id='word_1_399' title='bbox 537 4367 702 4433; x_wconf 86' lang='lat' dir='ltr'><strong>sexualibus</strong></span> <span class='ocrx_word' id='word_1_400' title='bbox 722 4365 863 4430; x_wconf 81' lang='lat' dir='ltr'><strong>destituti.</strong></span> <span class='ocrx_word' id='word_1_401' title='bbox 955 4442 958 4450; x_wconf 21' lang='grc' dir='ltr'>ἱ</span> 
     </span>
    </p>
   </div>
   <div class='ocr_carea' id='block_1_9' title="bbox 0 0 2046 5204">
    <p class='ocr_par' dir='ltr' id='par_1_12' title="bbox 0 0 2046 5204">
     <span class='ocr_line' id='line_1_41' title="bbox 0 0 2046 5204; baseline 0 0"><span class='ocrx_word' id='word_1_402' title='bbox 0 0 2046 5204; x_wconf 95' lang='lat' dir='ltr'><strong> </strong></span> 
     </span>
    </p>
   </div>
  </div>
 </body>
</html>
