<?xml version="1.0" encoding="UTF-8"?>
<!DOCTYPE html PUBLIC "-//W3C//DTD XHTML 1.0 Transitional//EN"
    "http://www.w3.org/TR/xhtml1/DTD/xhtml1-transitional.dtd">
<html xmlns="http://www.w3.org/1999/xhtml" xml:lang="en" lang="en">
 <head>
  <title>
</title>
<meta http-equiv="Content-Type" content="text/html;charset=utf-8" />
  <meta name='ocr-system' content='tesseract 3.04.00' />
  <meta name='ocr-capabilities' content='ocr_page ocr_carea ocr_par ocr_line ocrx_word'/>
</head>
<body>
  <div class='ocr_page' id='page_1' title='image "./deorganisplanta00rpgoog_0017.png"; bbox 0 0 4066 5204; ppageno 0'>
   <div class='ocr_carea' id='block_1_1' title="bbox 77 325 1777 4164">
    <p class='ocr_par' dir='ltr' id='par_1_1' title="bbox 77 325 1777 4164">
     <span class='ocr_line' id='line_1_1' title="bbox 110 325 1777 431; baseline 0.002 -20"><span class='ocrx_word' id='word_1_1' title='bbox 110 351 239 413; x_wconf 67' lang='lat' dir='ltr'><strong>tectim</strong></span> <span class='ocrx_word' id='word_1_2' title='bbox 287 330 490 429; x_wconf 86' lang='lat' dir='ltr'><strong>Quomodo</strong></span> <span class='ocrx_word' id='word_1_3' title='bbox 527 325 596 401; x_wconf 88' lang='lat' dir='ltr'><strong>fiat</strong></span> <span class='ocrx_word' id='word_1_4' title='bbox 629 327 758 402; x_wconf 85' lang='lat' dir='ltr'><strong>balbus</strong></span> <span class='ocrx_word' id='word_1_5' title='bbox 789 327 933 431; x_wconf 88' lang='lat' dir='ltr'><strong>optime</strong></span> <span class='ocrx_word' id='word_1_6' title='bbox 965 344 1021 404; x_wconf 78' lang='lat' dir='ltr'><strong>ast</strong></span> <span class='ocrx_word' id='word_1_7' title='bbox 1053 328 1174 404; x_wconf 86' lang='lat' dir='ltr'><strong>videri</strong></span> <span class='ocrx_word' id='word_1_8' title='bbox 1207 330 1250 404; x_wconf 91' lang='lat' dir='ltr'><strong>in</strong></span> <span class='ocrx_word' id='word_1_9' title='bbox 1284 330 1507 409; x_wconf 85' lang='lat' dir='ltr'><strong>Rananculo</strong></span> <span class='ocrx_word' id='word_1_10' title='bbox 1542 334 1721 417; x_wconf 78' lang='lat' dir='ltr'><strong>balbaso.</strong></span> <span class='ocrx_word' id='word_1_11' title='bbox 1773 326 1777 337; x_wconf 50' lang='lat'><strong><em>¹</em></strong></span> 
     </span>
     <span class='ocr_line' id='line_1_2' title="bbox 113 437 1723 560; baseline 0.003 -25"><span class='ocrx_word' id='word_1_12' title='bbox 113 437 358 560; x_wconf 89' lang='lat' dir='ltr'><strong>Quandoque</strong></span> <span class='ocrx_word' id='word_1_13' title='bbox 391 456 483 530; x_wconf 88' lang='lat' dir='ltr'><strong>folia</strong></span> <span class='ocrx_word' id='word_1_14' title='bbox 517 478 674 528; x_wconf 88' lang='lat' dir='ltr'><strong>carnosa</strong></span> <span class='ocrx_word' id='word_1_15' title='bbox 698 453 810 527; x_wconf 88' lang='lat' dir='ltr'><strong>bulbi</strong></span> <span class='ocrx_word' id='word_1_16' title='bbox 836 454 965 527; x_wconf 88' lang='lat' dir='ltr'><strong>omnia</strong></span> <span class='ocrx_word' id='word_1_17' title='bbox 992 454 1094 529; x_wconf 89' lang='lat' dir='ltr'><strong>inter</strong></span> <span class='ocrx_word' id='word_1_18' title='bbox 1117 481 1155 529; x_wconf 87' lang='lat' dir='ltr'><strong>se</strong></span> <span class='ocrx_word' id='word_1_19' title='bbox 1181 475 1347 532; x_wconf 89' lang='lat' dir='ltr'><strong>connata</strong></span> <span class='ocrx_word' id='word_1_20' title='bbox 1371 477 1481 548; x_wconf 92' lang='lat' dir='ltr'><strong>sunt,</strong></span> <span class='ocrx_word' id='word_1_21' title='bbox 1522 479 1590 535; x_wconf 87' lang='lat' dir='ltr'><strong>aut</strong></span> <span class='ocrx_word' id='word_1_22' title='bbox 1615 491 1723 540; x_wconf 89' lang='lat' dir='ltr'><strong>con·</strong></span> 
     </span>
     <span class='ocr_line' id='line_1_3' title="bbox 111 578 1722 684; baseline 0.004 -24"><span class='ocrx_word' id='word_1_23' title='bbox 111 584 363 660; x_wconf 87' lang='lat' dir='ltr'><strong>ferruminata</strong></span> <span class='ocrx_word' id='word_1_24' title='bbox 381 579 504 682; x_wconf 84' lang='lat' dir='ltr'>quasi,</span> <span class='ocrx_word' id='word_1_25' title='bbox 529 596 568 653; x_wconf 91' lang='lat' dir='ltr'><strong>et</strong></span> <span class='ocrx_word' id='word_1_26' title='bbox 592 585 688 652; x_wconf 88' lang='lat' dir='ltr'><strong>tunc</strong></span> <span class='ocrx_word' id='word_1_27' title='bbox 712 578 842 652; x_wconf 83' lang='lat' dir='ltr'><strong>balbus</strong></span> <span class='ocrx_word' id='word_1_28' title='bbox 864 579 1006 653; x_wconf 89' lang='lat' dir='ltr'><strong>solidus</strong></span> <span class='ocrx_word' id='word_1_29' title='bbox 1031 579 1196 653; x_wconf 89' lang='lat' dir='ltr'><strong>efficitur</strong></span> <span class='ocrx_word' id='word_1_30' title='bbox 1221 584 1374 684; x_wconf 88' lang='lat' dir='ltr'><strong>qualem</strong></span> <span class='ocrx_word' id='word_1_31' title='bbox 1403 586 1618 663; x_wconf 79' lang='lat' dir='ltr'><strong>Colchicam</strong></span> <span class='ocrx_word' id='word_1_32' title='bbox 1647 616 1722 666; x_wconf 77' lang='grc' dir='ltr'><strong>αυ-</strong></span> 
     </span>
     <span class='ocr_line' id='line_1_4' title="bbox 110 701 1663 808; baseline 0.001 -23"><span class='ocrx_word' id='word_1_33' title='bbox 110 710 272 786; x_wconf 74' lang='lat' dir='ltr'><strong>manate</strong></span> <span class='ocrx_word' id='word_1_34' title='bbox 289 705 400 780; x_wconf 87' lang='lat' dir='ltr'><strong>nobis</strong></span> <span class='ocrx_word' id='word_1_35' title='bbox 418 703 579 779; x_wconf 86' lang='lat' dir='ltr'><strong>exbibet.</strong></span> <span class='ocrx_word' id='word_1_36' title='bbox 604 705 687 776; x_wconf 91' lang='lat' dir='ltr'><strong>Hac</strong></span> <span class='ocrx_word' id='word_1_37' title='bbox 702 701 825 777; x_wconf 89' lang='lat' dir='ltr'><strong>forma</strong></span> <span class='ocrx_word' id='word_1_38' title='bbox 843 702 1069 777; x_wconf 81' lang='lat' dir='ltr'><strong>intermedia</strong></span> <span class='ocrx_word' id='word_1_39' title='bbox 1089 702 1308 808; x_wconf 80' lang='lat' dir='ltr'><strong>junguntur</strong></span> <span class='ocrx_word' id='word_1_40' title='bbox 1325 708 1466 783; x_wconf 89' lang='lat' dir='ltr'><strong>bulbus</strong></span> <span class='ocrx_word' id='word_1_41' title='bbox 1482 727 1520 785; x_wconf 89' lang='lat' dir='ltr'><strong>et</strong></span> <span class='ocrx_word' id='word_1_42' title='bbox 1536 712 1663 786; x_wconf 90' lang='lat' dir='ltr'><strong>tuber.</strong></span> 
     </span>
     <span class='ocr_line' id='line_1_5' title="bbox 114 808 1719 931; baseline 0.004 -25"><span class='ocrx_word' id='word_1_43' title='bbox 114 853 120 863; x_wconf 84' lang='grc'><strong>’</strong></span> <span class='ocrx_word' id='word_1_44' title='bbox 212 833 336 907; x_wconf 83' lang='lat' dir='ltr'><strong>Tuber</strong></span> <span class='ocrx_word' id='word_1_45' title='bbox 360 857 480 906; x_wconf 86' lang='lat' dir='ltr'><strong>verum</strong></span> <span class='ocrx_word' id='word_1_46' title='bbox 504 827 559 901; x_wconf 84' lang='lat' dir='ltr'><strong>es&#39;t</strong></span> <span class='ocrx_word' id='word_1_47' title='bbox 584 826 661 900; x_wconf 86' lang='lat' dir='ltr'><strong>axis</strong></span> <span class='ocrx_word' id='word_1_48' title='bbox 686 852 864 900; x_wconf 91' lang='lat' dir='ltr'><strong>carnosus</strong></span> <span class='ocrx_word' id='word_1_49' title='bbox 889 827 1147 931; x_wconf 88' lang='lat' dir='ltr'><strong>foliorumque</strong></span> <span class='ocrx_word' id='word_1_50' title='bbox 1172 808 1399 917; x_wconf 83' lang='lat' dir='ltr'><strong>rudimentis</strong></span> <span class='ocrx_word' id='word_1_51' title='bbox 1433 851 1587 909; x_wconf 91' lang='lat' dir='ltr'><strong>tantum</strong></span> <span class='ocrx_word' id='word_1_52' title='bbox 1622 863 1719 912; x_wconf 84' lang='lat' dir='ltr'><strong>mu·</strong></span> 
     </span>
     <span class='ocr_line' id='line_1_6' title="bbox 112 944 1723 1062; baseline 0.001 -29"><span class='ocrx_word' id='word_1_53' title='bbox 112 960 226 1034; x_wconf 90' lang='lat' dir='ltr'><strong>nitus.</strong></span> <span class='ocrx_word' id='word_1_54' title='bbox 251 955 449 1028; x_wconf 91' lang='lat' dir='ltr'><strong>Foliorum</strong></span> <span class='ocrx_word' id='word_1_55' title='bbox 473 950 625 1055; x_wconf 84' lang='lat' dir='ltr'><strong>vestigia</strong></span> <span class='ocrx_word' id='word_1_56' title='bbox 650 944 785 1052; x_wconf 83' lang='lat' dir='ltr'><strong>saepius&#39;</strong></span> <span class='ocrx_word' id='word_1_57' title='bbox 809 951 969 1062; x_wconf 82' lang='lat' dir='ltr'><strong>gemmis</strong></span> <span class='ocrx_word' id='word_1_58' title='bbox 989 968 1142 1025; x_wconf 89' lang='lat' dir='ltr'><strong>tantum</strong></span> <span class='ocrx_word' id='word_1_59' title='bbox 1169 954 1410 1056; x_wconf 84' lang='lat' dir='ltr'><strong>produntur,</strong></span> <span class='ocrx_word' id='word_1_60' title='bbox 1436 985 1524 1058; x_wconf 86' lang='lat' dir='ltr'><strong>quae</strong></span> <span class='ocrx_word' id='word_1_61' title='bbox 1547 986 1593 1033; x_wconf 84' lang='lat' dir='ltr'><strong>ex</strong></span> <span class='ocrx_word' id='word_1_62' title='bbox 1616 961 1723 1035; x_wconf 84' lang='lat' dir='ltr'><strong>axil&#39;·</strong></span> 
     </span>
     <span class='ocr_line' id='line_1_7' title="bbox 77 1074 1721 1184; baseline 0.001 -28"><span class='ocrx_word' id='word_1_63' title='bbox 77 1102 80 1106; x_wconf 82' lang='lat'>&#39;</span> <span class='ocrx_word' id='word_1_64' title='bbox 113 1083 160 1156; x_wconf 86' lang='lat' dir='ltr'><strong>lis</strong></span> <span class='ocrx_word' id='word_1_65' title='bbox 184 1078 387 1184; x_wconf 89' lang='lat' dir='ltr'><strong>prodeunt.</strong></span> <span class='ocrx_word' id='word_1_66' title='bbox 413 1079 512 1151; x_wconf 86' lang='lat' dir='ltr'><strong>Sunt</strong></span> <span class='ocrx_word' id='word_1_67' title='bbox 528 1075 724 1150; x_wconf 83' lang='lat' dir='ltr'><strong>varietates</strong></span> <span class='ocrx_word' id='word_1_68' title='bbox 747 1076 879 1151; x_wconf 87' lang='lat' dir='ltr'><strong>Solaai</strong></span> <span class='ocrx_word' id='word_1_69' title='bbox 894 1074 1056 1150; x_wconf 77' lang='lat' dir='ltr'><strong>tuberosi</strong></span> <span class='ocrx_word' id='word_1_70' title='bbox 1070 1102 1157 1178; x_wconf 86' lang='lat' dir='ltr'><strong>quae</strong></span> <span class='ocrx_word' id='word_1_71' title='bbox 1181 1080 1361 1159; x_wconf 88' lang='lat' dir='ltr'><strong>tuberum</strong></span> <span class='ocrx_word' id='word_1_72' title='bbox 1386 1107 1514 1154; x_wconf 85' lang='lat' dir='ltr'><strong>veram</strong></span> <span class='ocrx_word' id='word_1_73' title='bbox 1540 1082 1721 1170; x_wconf 80' lang='lat' dir='ltr'><strong>indolem</strong></span> 
     </span>
     <span class='ocr_line' id='line_1_8' title="bbox 108 1200 1718 1310; baseline 0.001 -30"><span class='ocrx_word' id='word_1_74' title='bbox 108 1205 387 1310; x_wconf 75' lang='lat' dir='ltr'><strong>elegantissime</strong></span> <span class='ocrx_word' id='word_1_75' title='bbox 412 1203 684 1277; x_wconf 88' lang='lat' dir='ltr'><strong>demonstrant.</strong></span> <span class='ocrx_word' id='word_1_76' title='bbox 729 1202 821 1275; x_wconf 83' lang='lat' dir='ltr'>Tale</span> <span class='ocrx_word' id='word_1_77' title='bbox 845 1202 958 1274; x_wconf 89' lang='lat' dir='ltr'><strong>tuber</strong></span> <span class='ocrx_word' id='word_1_78' title='bbox 982 1200 1157 1303; x_wconf 83' lang='lat' dir='ltr'><strong>depinxit</strong></span> <span class='ocrx_word' id='word_1_79' title='bbox 1180 1202 1274 1298; x_wconf 19' lang='lat' dir='ltr'><strong>clar..</strong></span> <span class='ocrx_word' id='word_1_80' title='bbox 1307 1205 1460 1278; x_wconf 74' lang='lat' dir='ltr'><strong>Tarmia</strong></span> <span class='ocrx_word' id='word_1_81' title='bbox 1494 1205 1536 1278; x_wconf 93' lang='lat' dir='ltr'><strong>in</strong></span> <span class='ocrx_word' id='word_1_82' title='bbox 1566 1210 1718 1283; x_wconf 58' lang='lat' dir='ltr'><strong>Joonos</strong></span> 
     </span>
     <span class='ocr_line' id='line_1_9' title="bbox 109 1317 1720 1433; baseline 0.004 -31"><span class='ocrx_word' id='word_1_83' title='bbox 109 1334 286 1432; x_wconf 70' lang='lat' dir='ltr'><strong>graphice</strong></span> <span class='ocrx_word' id='word_1_84' title='bbox 302 1328 507 1429; x_wconf 76' lang='lat' dir='ltr'><strong>vegetabilis</strong></span> <span class='ocrx_word' id='word_1_85' title='bbox 517 1325 665 1398; x_wconf 91' lang='lat' dir='ltr'><strong>Tabula</strong></span> <span class='ocrx_word' id='word_1_86' title='bbox 682 1325 748 1405; x_wconf 78' lang='lat' dir='ltr'><strong>IV.</strong></span> <span class='ocrx_word' id='word_1_87' title='bbox 768 1323 872 1427; x_wconf 57' lang='lat' dir='ltr'><strong>figfil.</strong></span> <span class='ocrx_word' id='word_1_88' title='bbox 897 1327 947 1396; x_wconf 89' lang='lat' dir='ltr'><strong>Et</strong></span> <span class='ocrx_word' id='word_1_89' title='bbox 966 1317 1051 1426; x_wconf 63' lang='lat' dir='ltr'><strong>’ipse</strong></span> <span class='ocrx_word' id='word_1_90' title='bbox 1074 1325 1208 1399; x_wconf 87' lang='lat' dir='ltr'><strong>Solani</strong></span> <span class='ocrx_word' id='word_1_91' title='bbox 1232 1326 1344 1399; x_wconf 89' lang='lat' dir='ltr'><strong>tuber</strong></span> <span class='ocrx_word' id='word_1_92' title='bbox 1370 1328 1578 1419; x_wconf 84' lang='lat' dir='ltr'><strong>observavi,</strong></span> <span class='ocrx_word' id='word_1_93' title='bbox 1604 1321 1720 1433; x_wconf 85' lang='lat' dir='ltr'><strong>quod</strong></span> 
     </span>
     <span class='ocr_line' id='line_1_10' title="bbox 111 1449 1477 1558; baseline -0.003 -31"><span class='ocrx_word' id='word_1_94' title='bbox 111 1471 251 1558; x_wconf 77' lang='lat' dir='ltr'><strong>praeter</strong></span> <span class='ocrx_word' id='word_1_95' title='bbox 275 1453 461 1541; x_wconf 84' lang='lat' dir='ltr'><strong>colorem,</strong></span> <span class='ocrx_word' id='word_1_96' title='bbox 487 1450 645 1525; x_wconf 90' lang='lat' dir='ltr'><strong>omnino</strong></span> <span class='ocrx_word' id='word_1_97' title='bbox 669 1449 844 1548; x_wconf 80' lang='lat' dir='ltr'><strong>Scopeliae</strong></span> <span class='ocrx_word' id='word_1_98' title='bbox 864 1449 1080 1548; x_wconf 73' lang='lat' dir='ltr'><strong>planssorae</strong></span> <span class='ocrx_word' id='word_1_99' title='bbox 1105 1476 1256 1522; x_wconf 89' lang='lat' dir='ltr'><strong>ramum</strong></span> <span class='ocrx_word' id='word_1_100' title='bbox 1282 1449 1477 1524; x_wconf 83' lang='lat' dir='ltr'><strong>referebat</strong></span> 
     </span>
     <span class='ocr_line' id='line_1_11' title="bbox 213 1572 1719 1678; baseline 0 -26"><span class='ocrx_word' id='word_1_101' title='bbox 213 1578 254 1652; x_wconf 89' lang='lat' dir='ltr'><em>A</em></span> <span class='ocrx_word' id='word_1_102' title='bbox 278 1577 462 1651; x_wconf 82' lang='lat' dir='ltr'><strong>tuberibus</strong></span> <span class='ocrx_word' id='word_1_103' title='bbox 483 1574 788 1677; x_wconf 63' lang='lat' dir='ltr'><strong>veris‚‘gemmas</strong></span> <span class='ocrx_word' id='word_1_104' title='bbox 813 1572 1149 1675; x_wconf 89' lang='lat' dir='ltr'><strong>protrudentibus,</strong></span> <span class='ocrx_word' id='word_1_105' title='bbox 1174 1574 1294 1675; x_wconf 86' lang='lat' dir='ltr'><strong>probe</strong></span> <span class='ocrx_word' id='word_1_106' title='bbox 1319 1574 1597 1678; x_wconf 81' lang='lat' dir='ltr'><strong>distinguendae</strong></span> <span class='ocrx_word' id='word_1_107' title='bbox 1621 1596 1719 1655; x_wconf 83' lang='lat' dir='ltr'><strong>sunt</strong></span> 
     </span>
     <span class='ocr_line' id='line_1_12' title="bbox 108 1695 1716 1802; baseline 0.002 -26"><span class='ocrx_word' id='word_1_108' title='bbox 108 1695 224 1793; x_wconf 75' lang='lat' dir='ltr'><strong>fibrae</strong></span> <span class='ocrx_word' id='word_1_109' title='bbox 247 1702 479 1775; x_wconf 89' lang='lat' dir='ltr'><strong>radiculares&#39;</strong></span> <span class='ocrx_word' id='word_1_110' title='bbox 501 1718 570 1774; x_wconf 89' lang='lat' dir='ltr'><strong>aut</strong></span> <span class='ocrx_word' id='word_1_111' title='bbox 586 1698 728 1772; x_wconf 87' lang='lat' dir='ltr'><strong>radices</strong></span> <span class='ocrx_word' id='word_1_112' title='bbox 753 1723 849 1772; x_wconf 87' lang='lat' dir='ltr'><strong>verae</strong></span> <span class='ocrx_word' id='word_1_113' title='bbox 876 1698 1060 1771; x_wconf 84' lang='lat' dir='ltr'><strong>tuberosae</strong></span> <span class='ocrx_word' id='word_1_114' title='bbox 1084 1697 1206 1788; x_wconf 84' lang='lat' dir='ltr'><strong>factae,</strong></span> <span class='ocrx_word' id='word_1_115' title='bbox 1234 1725 1320 1801; x_wconf 87' lang='lat' dir='ltr'><strong>quae</strong></span> <span class='ocrx_word' id='word_1_116' title='bbox 1346 1726 1561 1802; x_wconf 83' lang='lat' dir='ltr'><strong>numquam</strong></span> <span class='ocrx_word' id='word_1_117' title='bbox 1574 1707 1716 1780; x_wconf 64' lang='lat' dir='ltr'><strong>(ramos</strong></span> 
     </span>
     <span class='ocr_line' id='line_1_13' title="bbox 114 1821 1717 1930; baseline 0.003 -31"><span class='ocrx_word' id='word_1_118' title='bbox 114 1827 326 1930; x_wconf 86' lang='lat' dir='ltr'><strong>proferunt.</strong></span> <span class='ocrx_word' id='word_1_119' title='bbox 352 1826 459 1899; x_wconf 88' lang='lat' dir='ltr'><strong>Talia</strong></span> <span class='ocrx_word' id='word_1_120' title='bbox 473 1824 620 1898; x_wconf 79' lang='lat' dir='ltr'><strong>&#39;tubera&#39;</strong></span> <span class='ocrx_word' id='word_1_121' title='bbox 645 1821 828 1899; x_wconf 86' lang='lat' dir='ltr'><strong>exhibent</strong></span> <span class='ocrx_word' id='word_1_122' title='bbox 850 1823 998 1923; x_wconf 80' lang='lat' dir='ltr'><strong>Spivoea</strong></span> <span class='ocrx_word' id='word_1_123' title='bbox 1012 1824 1262 1923; x_wconf 78' lang='lat' dir='ltr'><strong>Filipendula,</strong></span> <span class='ocrx_word' id='word_1_124' title='bbox 1294 1826 1518 1900; x_wconf 86' lang='lat' dir='ltr'><strong>Commelina</strong></span> <span class='ocrx_word' id='word_1_125' title='bbox 1542 1829 1717 1905; x_wconf 81' lang='lat' dir='ltr'><strong>tuberosa</strong></span> 
     </span>
     <span class='ocr_line' id='line_1_14' title="bbox 115 1950 1229 2056; baseline 0.003 -31"><span class='ocrx_word' id='word_1_126' title='bbox 115 1952 270 2025; x_wconf 85' lang='lat' dir='ltr'><strong>Dauous</strong></span> <span class='ocrx_word' id='word_1_127' title='bbox 296 1950 458 2037; x_wconf 75' lang='lat' dir='ltr'><strong>Caraca,</strong></span> <span class='ocrx_word' id='word_1_128' title='bbox 484 1952 652 2054; x_wconf 85' lang='lat' dir='ltr'><strong>aliaeque.</strong></span> <span class='ocrx_word' id='word_1_129' title='bbox 751 2051 753 2056; x_wconf 23' lang='grc' dir='ltr'>Ι</span> <span class='ocrx_word' id='word_1_130' title='bbox 1227 2036 1229 2040; x_wconf 12' lang='grc' dir='ltr'><em>Α</em></span> 
     </span>
     <span class='ocr_line' id='line_1_15' title="bbox 160 2068 1716 2180; baseline 0.002 -32"><span class='ocrx_word' id='word_1_131' title='bbox 160 2068 163 2073; x_wconf 55' lang='grc'>’</span> <span class='ocrx_word' id='word_1_132' title='bbox 216 2078 311 2149; x_wconf 78' lang='lat' dir='ltr'><strong>Ares</strong></span> <span class='ocrx_word' id='word_1_133' title='bbox 336 2075 425 2149; x_wconf 91' lang='lat' dir='ltr'><strong>novi</strong></span> <span class='ocrx_word' id='word_1_134' title='bbox 451 2075 519 2178; x_wconf 90' lang='lat' dir='ltr'><strong>qui</strong></span> <span class='ocrx_word' id='word_1_135' title='bbox 545 2098 604 2150; x_wconf 52' lang='lat' dir='ltr'><strong>ex*</strong></span> <span class='ocrx_word' id='word_1_136' title='bbox 616 2073 739 2150; x_wconf 83' lang='lat' dir='ltr'><strong>axillis</strong></span> <span class='ocrx_word' id='word_1_137' title='bbox 755 2074 944 2150; x_wconf 81' lang='lat' dir='ltr'><strong>&#39;foliorum</strong></span> <span class='ocrx_word' id='word_1_138' title='bbox 968 2075 1198 2180; x_wconf 85' lang='lat' dir='ltr'><strong>plerumque</strong></span> <span class='ocrx_word' id='word_1_139' title='bbox 1212 2074 1566 2176; x_wconf 87' lang='lat' dir='ltr'><strong>squamaeformium</strong></span> <span class='ocrx_word' id='word_1_140' title='bbox 1580 2077 1716 2157; x_wconf 85' lang='lat' dir='ltr'><strong>axium</strong></span> 
     </span>
     <span class='ocr_line' id='line_1_16' title="bbox 112 2183 1717 2302; baseline -0.002 -26"><span class='ocrx_word' id='word_1_141' title='bbox 112 2183 448 2277; x_wconf 81' lang='lat' dir='ltr'><strong>subterraneorum</strong></span> <span class='ocrx_word' id='word_1_142' title='bbox 470 2200 725 2302; x_wconf 87' lang='lat' dir='ltr'><strong>proveniunt,</strong></span> <span class='ocrx_word' id='word_1_143' title='bbox 750 2209 926 2290; x_wconf 68' lang='lat' dir='ltr'><strong>teriones,</strong></span> <span class='ocrx_word' id='word_1_144' title='bbox 952 2202 1184 2290; x_wconf 77' lang='lat' dir='ltr'><strong>diastemata,</strong></span> <span class='ocrx_word' id='word_1_145' title='bbox 1209 2199 1286 2272; x_wconf 86' lang='lat' dir='ltr'><strong>sire</strong></span> <span class='ocrx_word' id='word_1_146' title='bbox 1310 2206 1495 2298; x_wconf 81' lang='lat' dir='ltr'><strong>asparagi.</strong></span> <span class='ocrx_word' id='word_1_147' title='bbox 1508 2217 1717 2292; x_wconf 75' lang='lat' dir='ltr'><strong>vocantur-¹,</strong></span> 
     </span>
     <span class='ocr_line' id='line_1_17' title="bbox 114 2301 1716 2427; baseline 0.001 -29"><span class='ocrx_word' id='word_1_148' title='bbox 114 2353 237 2427; x_wconf 90' lang='lat' dir='ltr'><strong>quum</strong></span> <span class='ocrx_word' id='word_1_149' title='bbox 270 2301 586 2417; x_wconf 38' lang='lat' dir='ltr'><strong>brevissima-,ria</strong></span> <span class='ocrx_word' id='word_1_150' title='bbox 599 2323 1338 2421; x_wconf 49' lang='lat' dir='ltr'><strong>‚terrasufflficiemposuntfwboies</strong></span> <span class='ocrx_word' id='word_1_151' title='bbox 1371 2336 1500 2394; x_wconf 88' lang='lat' dir='ltr'><strong>autem</strong></span> <span class='ocrx_word' id='word_1_152' title='bbox 1524 2322 1716 2399; x_wconf 86' lang='lat' dir='ltr'><strong>dicuntur</strong></span> 
     </span>
     <span class='ocr_line' id='line_1_18' title="bbox 116 2437 1713 2543; baseline 0.003 -26"><span class='ocrx_word' id='word_1_153' title='bbox 116 2447 165 2543; x_wconf 88' lang='lat' dir='ltr'><strong>(v.</strong></span> <span class='ocrx_word' id='word_1_154' title='bbox 178 2449 221 2529; x_wconf 88' lang='lat' dir='ltr'><strong>s.)</strong></span> <span class='ocrx_word' id='word_1_155' title='bbox 248 2468 370 2543; x_wconf 88' lang='lat' dir='ltr'><strong>quum</strong></span> <span class='ocrx_word' id='word_1_156' title='bbox 394 2466 463 2540; x_wconf 88' lang='lat' dir='ltr'><strong>per</strong></span> <span class='ocrx_word' id='word_1_157' title='bbox 488 2437 636 2537; x_wconf 87' lang='lat' dir='ltr'><strong>aliquot</strong></span> <span class='ocrx_word' id='word_1_158' title='bbox 662 2452 810 2538; x_wconf 86' lang='lat' dir='ltr'><strong>tempus</strong></span> <span class='ocrx_word' id='word_1_159' title='bbox 833 2437 905 2510; x_wconf 87' lang='lat' dir='ltr'><strong>sub</strong></span> <span class='ocrx_word' id='word_1_160' title='bbox 932 2454 1031 2510; x_wconf 89' lang='lat' dir='ltr'><strong>terra</strong></span> <span class='ocrx_word' id='word_1_161' title='bbox 1057 2457 1278 2542; x_wconf 88' lang='lat' dir='ltr'><strong>prorepunt</strong></span> <span class='ocrx_word' id='word_1_162' title='bbox 1304 2445 1337 2515; x_wconf 82' lang='lat' dir='ltr'><strong>A</strong></span> <span class='ocrx_word' id='word_1_163' title='bbox 1361 2444 1475 2518; x_wconf 87' lang='lat' dir='ltr'><strong>ramis</strong></span> <span class='ocrx_word' id='word_1_164' title='bbox 1499 2447 1595 2521; x_wconf 89' lang='lat' dir='ltr'><strong>veris</strong></span> <span class='ocrx_word' id='word_1_165' title='bbox 1620 2473 1713 2522; x_wconf 88' lang='lat' dir='ltr'><strong>cau·</strong></span> 
     </span>
     <span class='ocr_line' id='line_1_19' title="bbox 115 2546 1685 2671; baseline 0.001 -28"><span class='ocrx_word' id='word_1_166' title='bbox 115 2560 214 2643; x_wconf 84' lang='lat' dir='ltr'><strong>lium</strong></span> <span class='ocrx_word' id='word_1_167' title='bbox 238 2557 781 2666; x_wconf 66' lang='lat' dir='ltr'><strong>supraterraneorum&#39;babitu</strong></span> <span class='ocrx_word' id='word_1_168' title='bbox 805 2546 962 2662; x_wconf 82' lang='lat' dir='ltr'><strong>quidem</strong></span> <span class='ocrx_word' id='word_1_169' title='bbox 986 2560 1191 2651; x_wconf 86' lang='lat' dir='ltr'><strong>differunt,</strong></span> <span class='ocrx_word' id='word_1_170' title='bbox 1216 2563 1382 2639; x_wconf 82' lang='lat' dir='ltr'><strong>minime</strong></span> <span class='ocrx_word' id='word_1_171' title='bbox 1400 2585 1529 2642; x_wconf 88' lang='lat' dir='ltr'><strong>autem</strong></span> <span class='ocrx_word' id='word_1_172' title='bbox 1554 2571 1685 2671; x_wconf 90' lang='lat' dir='ltr'><strong>specie.</strong></span> 
     </span>
     <span class='ocr_line' id='line_1_20' title="bbox 217 2684 1717 2793; baseline 0.005 -30"><span class='ocrx_word' id='word_1_173' title='bbox 217 2686 535 2788; x_wconf 70' lang='lat' dir='ltr'><strong>Collamplantra,</strong></span> <span class='ocrx_word' id='word_1_174' title='bbox 559 2690 709 2761; x_wconf 72' lang='lat' dir='ltr'><strong>Jaaero</strong></span> <span class='ocrx_word' id='word_1_175' title='bbox 734 2684 840 2758; x_wconf 89' lang='lat' dir='ltr'><strong>limes</strong></span> <span class='ocrx_word' id='word_1_176' title='bbox 865 2685 1079 2759; x_wconf 88' lang='lat' dir='ltr'><strong>communis</strong></span> <span class='ocrx_word' id='word_1_177' title='bbox 1095 2712 1129 2760; x_wconf 87' lang='lat' dir='ltr'><strong>s.</strong></span> <span class='ocrx_word' id='word_1_178' title='bbox 1155 2686 1299 2762; x_wconf 85' lang='lat' dir='ltr'><strong>fundus</strong></span> <span class='ocrx_word' id='word_1_179' title='bbox 1324 2690 1467 2792; x_wconf 87' lang='lat' dir='ltr'><strong>plan-tae</strong></span> <span class='ocrx_word' id='word_1_180' title='bbox 1492 2693 1659 2793; x_wconf 86' lang='lat' dir='ltr'><strong>dictum,</strong></span> <span class='ocrx_word' id='word_1_181' title='bbox 1685 2691 1717 2771; x_wconf 51' lang='lat' dir='ltr'><strong>a¹</strong></span> 
     </span>
     <span class='ocr_line' id='line_1_21' title="bbox 120 2811 1712 2904; baseline 0.003 -17"><span class='ocrx_word' id='word_1_182' title='bbox 120 2815 287 2892; x_wconf 82' lang='lat' dir='ltr'><strong>Gaavvro</strong></span> <span class='ocrx_word' id='word_1_183' title='bbox 313 2829 520 2892; x_wconf 77' lang='lat' dir='ltr'><strong>coarctare,</strong></span> <span class='ocrx_word' id='word_1_184' title='bbox 547 2837 569 2882; x_wconf 94' lang='lat' dir='ltr'><strong>a</strong></span> <span class='ocrx_word' id='word_1_185' title='bbox 586 2811 817 2883; x_wconf 78' lang='lat' dir='ltr'><strong>LAMAacaro</strong></span> <span class='ocrx_word' id='word_1_186' title='bbox 833 2811 962 2904; x_wconf 65' lang='lat' dir='ltr'><strong>flodus</strong></span> <span class='ocrx_word' id='word_1_187' title='bbox 987 2812 1103 2885; x_wconf 86' lang='lat' dir='ltr'><strong>vitalis</strong></span> <span class='ocrx_word' id='word_1_188' title='bbox 1115 2828 1153 2885; x_wconf 90' lang='lat' dir='ltr'><strong>et</strong></span> <span class='ocrx_word' id='word_1_189' title='bbox 1171 2839 1194 2885; x_wconf 87' lang='lat' dir='ltr'><strong>a</strong></span> <span class='ocrx_word' id='word_1_190' title='bbox 1222 2814 1419 2888; x_wconf 78' lang='lat' dir='ltr'><strong>Toarrrvro</strong></span> <span class='ocrx_word' id='word_1_191' title='bbox 1443 2816 1545 2890; x_wconf 91' lang='lat' dir='ltr'><strong>linea</strong></span> <span class='ocrx_word' id='word_1_192' title='bbox 1568 2817 1712 2901; x_wconf 79' lang='lat' dir='ltr'><strong>inedia-</strong></span> 
     </span>
     <span class='ocr_line' id='line_1_22' title="bbox 107 2912 1712 3037; baseline 0.002 -24"><span class='ocrx_word' id='word_1_193' title='bbox 107 2912 167 3013; x_wconf 82' lang='lat' dir='ltr'><strong>&#39;na</strong></span> <span class='ocrx_word' id='word_1_194' title='bbox 192 2953 390 3022; x_wconf 84' lang='lat' dir='ltr'><strong>vocatum,</strong></span> <span class='ocrx_word' id='word_1_195' title='bbox 414 2935 560 3035; x_wconf 90' lang='lat' dir='ltr'><strong>primus</strong></span> <span class='ocrx_word' id='word_1_196' title='bbox 586 2951 640 3008; x_wconf 86' lang='lat' dir='ltr'><strong>est</strong></span> <span class='ocrx_word' id='word_1_197' title='bbox 665 2961 773 3021; x_wconf 68' lang='lat' dir='ltr'><strong>areos</strong></span> <span class='ocrx_word' id='word_1_198' title='bbox 797 2933 938 3024; x_wconf 85' lang='lat' dir='ltr'><strong>nodus,</strong></span> <span class='ocrx_word' id='word_1_199' title='bbox 965 2933 1128 3037; x_wconf 84' lang='lat' dir='ltr'><strong>ideoque</strong></span> <span class='ocrx_word' id='word_1_200' title='bbox 1142 2936 1268 3010; x_wconf 72' lang='lat' dir='ltr'><strong>vtotius</strong></span> <span class='ocrx_word' id='word_1_201' title='bbox 1293 2938 1531 3031; x_wconf 18' lang='lat' dir='ltr'><strong>axeosssbasisi</strong></span> <span class='ocrx_word' id='word_1_202' title='bbox 1557 2943 1712 3017; x_wconf 85' lang='lat' dir='ltr'><strong>Diverse</strong></span> 
     </span>
     <span class='ocr_line' id='line_1_23' title="bbox 114 3044 1710 3163; baseline 0 -27"><span class='ocrx_word' id='word_1_203' title='bbox 114 3088 137 3136; x_wconf 93' lang='lat' dir='ltr'><strong>a</strong></span> <span class='ocrx_word' id='word_1_204' title='bbox 164 3044 331 3135; x_wconf 78' lang='lat' dir='ltr'><strong>dirersis</strong></span> <span class='ocrx_word' id='word_1_205' title='bbox 341 3057 524 3132; x_wconf 89' lang='lat' dir='ltr'><strong>definitur</strong></span> <span class='ocrx_word' id='word_1_206' title='bbox 547 3056 629 3151; x_wconf 83' lang='lat' dir='ltr'><strong>haec</strong></span> <span class='ocrx_word' id='word_1_207' title='bbox 652 3083 760 3159; x_wconf 86' lang='lat' dir='ltr'><strong>pars,</strong></span> <span class='ocrx_word' id='word_1_208' title='bbox 777 3057 817 3156; x_wconf 73' lang='lat'><strong>*)</strong></span> <span class='ocrx_word' id='word_1_209' title='bbox 844 3084 949 3160; x_wconf 61' lang='lat' dir='ltr'><strong>quae,⁸</strong></span> <span class='ocrx_word' id='word_1_210' title='bbox 987 3086 1110 3161; x_wconf 92' lang='lat' dir='ltr'><strong>quum</strong></span> <span class='ocrx_word' id='word_1_211' title='bbox 1135 3051 1368 3162; x_wconf 85' lang='lat' dir='ltr'><strong>vegetatione</strong></span> <span class='ocrx_word' id='word_1_212' title='bbox 1392 3061 1601 3163; x_wconf 87' lang='lat' dir='ltr'><strong>ampliatur</strong></span> <span class='ocrx_word' id='word_1_213' title='bbox 1624 3090 1710 3142; x_wconf 68' lang='lat' dir='ltr'><strong>ccur-</strong></span> 
     </span>
     <span class='ocr_line' id='line_1_24' title="bbox 117 3166 1711 3287; baseline -0.001 -26"><span class='ocrx_word' id='word_1_214' title='bbox 117 3186 212 3261; x_wconf 85' lang='lat' dir='ltr'><strong>diois</strong></span> <span class='ocrx_word' id='word_1_215' title='bbox 234 3184 438 3258; x_wconf 79' lang='lat' dir='ltr'><strong>intermedii</strong></span> <span class='ocrx_word' id='word_1_216' title='bbox 462 3182 619 3257; x_wconf 93' lang='lat' dir='ltr'><strong>nomine</strong></span> <span class='ocrx_word' id='word_1_217' title='bbox 644 3209 798 3284; x_wconf 88' lang='lat' dir='ltr'><strong>quoque</strong></span> <span class='ocrx_word' id='word_1_218' title='bbox 822 3184 933 3256; x_wconf 88' lang='lat' dir='ltr'><strong>venit.</strong></span> <span class='ocrx_word' id='word_1_219' title='bbox 960 3183 1205 3287; x_wconf 85' lang='lat' dir='ltr'><strong>Quandoque</strong></span> <span class='ocrx_word' id='word_1_220' title='bbox 1226 3166 1317 3258; x_wconf 75' lang='lat' dir='ltr'><strong>satis</strong></span> <span class='ocrx_word' id='word_1_221' title='bbox 1342 3183 1520 3259; x_wconf 90' lang='lat' dir='ltr'><strong>distincta</strong></span> <span class='ocrx_word' id='word_1_222' title='bbox 1547 3205 1619 3285; x_wconf 86' lang='lat' dir='ltr'><strong>est,</strong></span> <span class='ocrx_word' id='word_1_223' title='bbox 1644 3216 1711 3266; x_wconf 84' lang='lat' dir='ltr'><strong>sae·</strong></span> 
     </span>
     <span class='ocr_line' id='line_1_25' title="bbox 117 3287 1709 3419; baseline 0.003 -35"><span class='ocrx_word' id='word_1_224' title='bbox 117 3310 286 3414; x_wconf 87' lang='lat' dir='ltr'><strong>pissime,</strong></span> <span class='ocrx_word' id='word_1_225' title='bbox 311 3336 341 3381; x_wconf 89' lang='lat' dir='ltr'><strong>e.</strong></span> <span class='ocrx_word' id='word_1_226' title='bbox 367 3337 400 3411; x_wconf 89' lang='lat' dir='ltr'><strong>g.</strong></span> <span class='ocrx_word' id='word_1_227' title='bbox 429 3307 471 3379; x_wconf 91' lang='lat' dir='ltr'><strong>in</strong></span> <span class='ocrx_word' id='word_1_228' title='bbox 496 3305 638 3408; x_wconf 87' lang='lat' dir='ltr'><strong>plantis</strong></span> <span class='ocrx_word' id='word_1_229' title='bbox 663 3306 821 3396; x_wconf 83' lang='lat' dir='ltr'><strong>annuis,</strong></span> <span class='ocrx_word' id='word_1_230' title='bbox 846 3305 1071 3384; x_wconf 86' lang='lat' dir='ltr'><strong>inductione</strong></span> <span class='ocrx_word' id='word_1_231' title='bbox 1096 3325 1249 3384; x_wconf 89' lang='lat' dir='ltr'><strong>tantum</strong></span> <span class='ocrx_word' id='word_1_232' title='bbox 1274 3287 1709 3419; x_wconf 74' lang='lat' dir='ltr'><strong>cognoscendasaepius</strong></span> 
     </span>
     <span class='ocr_line' id='line_1_26' title="bbox 115 3419 1707 3539; baseline -0.001 -29"><span class='ocrx_word' id='word_1_233' title='bbox 115 3424 361 3510; x_wconf 75' lang='lat' dir='ltr'><strong>subterranea</strong></span> <span class='ocrx_word' id='word_1_234' title='bbox 395 3447 474 3519; x_wconf 80' lang='lat' dir='ltr'><strong>est‚&#39;</strong></span> <span class='ocrx_word' id='word_1_235' title='bbox 502 3419 1020 3536; x_wconf 58' lang='lat' dir='ltr'><strong>(hypogaeblsoepius-supra</strong></span> <span class='ocrx_word' id='word_1_236' title='bbox 1047 3451 1187 3509; x_wconf 90' lang='lat' dir='ltr'><strong>terram</strong></span> <span class='ocrx_word' id='word_1_237' title='bbox 1200 3433 1383 3507; x_wconf 85' lang='lat' dir='ltr'><strong>elevatur</strong></span> <span class='ocrx_word' id='word_1_238' title='bbox 1408 3439 1603 3537; x_wconf 81' lang='lat' dir='ltr'><strong>(epigcea),</strong></span> <span class='ocrx_word' id='word_1_239' title='bbox 1629 3437 1707 3539; x_wconf 90' lang='lat' dir='ltr'><strong>ple-</strong></span> 
     </span>
     <span class='ocr_line' id='line_1_27' title="bbox 116 3554 1707 3662; baseline -0.003 -30"><span class='ocrx_word' id='word_1_240' title='bbox 116 3584 282 3660; x_wconf 88' lang='lat' dir='ltr'><strong>rumque</strong></span> <span class='ocrx_word' id='word_1_241' title='bbox 305 3554 706 3659; x_wconf 72' lang='lat' dir='ltr'><strong>propriastru&#39;ctura,v</strong></span> <span class='ocrx_word' id='word_1_242' title='bbox 732 3583 806 3631; x_wconf 88' lang='lat' dir='ltr'><strong>usu</strong></span> <span class='ocrx_word' id='word_1_243' title='bbox 831 3554 1111 3662; x_wconf 83' lang='lat' dir='ltr'><strong>physiologica,</strong></span> <span class='ocrx_word' id='word_1_244' title='bbox 1148 3563 1420 3660; x_wconf 86' lang='lat' dir='ltr'><strong>ramorumque</strong></span> <span class='ocrx_word' id='word_1_245' title='bbox 1452 3585 1547 3662; x_wconf 86' lang='lat' dir='ltr'><strong>quos</strong></span> <span class='ocrx_word' id='word_1_246' title='bbox 1570 3555 1707 3648; x_wconf 84' lang='lat' dir='ltr'><strong>emittit</strong></span> 
     </span>
     <span class='ocr_line' id='line_1_28' title="bbox 118 3679 1708 3785; baseline -0.002 -26"><span class='ocrx_word' id='word_1_247' title='bbox 118 3683 249 3759; x_wconf 89' lang='lat' dir='ltr'><strong>indole</strong></span> <span class='ocrx_word' id='word_1_248' title='bbox 265 3679 367 3755; x_wconf 92' lang='lat' dir='ltr'><strong>cauli</strong></span> <span class='ocrx_word' id='word_1_249' title='bbox 383 3681 630 3754; x_wconf 87' lang='lat' dir='ltr'><strong>subterraneo</strong></span> <span class='ocrx_word' id='word_1_250' title='bbox 655 3680 831 3770; x_wconf 88' lang='lat' dir='ltr'><strong>similior,</strong></span> <span class='ocrx_word' id='word_1_251' title='bbox 847 3681 906 3755; x_wconf 72' lang='lat' dir='ltr'><strong>&#39;ad</strong></span> <span class='ocrx_word' id='word_1_252' title='bbox 931 3686 1083 3754; x_wconf 74' lang='lat' dir='ltr'><strong>adreum</strong></span> <span class='ocrx_word' id='word_1_253' title='bbox 1109 3698 1237 3757; x_wconf 88' lang='lat' dir='ltr'><strong>tamen</strong></span> <span class='ocrx_word' id='word_1_254' title='bbox 1261 3708 1416 3785; x_wconf 85' lang='lat' dir='ltr'><strong>quoque</strong></span> <span class='ocrx_word' id='word_1_255' title='bbox 1439 3685 1587 3760; x_wconf 90' lang='lat' dir='ltr'><strong>caulem</strong></span> <span class='ocrx_word' id='word_1_256' title='bbox 1612 3707 1708 3783; x_wconf 71' lang='lat' dir='ltr'><strong>quo-</strong></span> 
     </span>
     <span class='ocr_line' id='line_1_29' title="bbox 117 3803 1398 3910; baseline -0.002 -28"><span class='ocrx_word' id='word_1_257' title='bbox 117 3805 321 3884; x_wconf 84' lang='lat' dir='ltr'><strong>dammodo</strong></span> <span class='ocrx_word' id='word_1_258' title='bbox 346 3804 526 3878; x_wconf 86' lang='lat' dir='ltr'><strong>accedens</strong></span> <span class='ocrx_word' id='word_1_259' title='bbox 553 3804 682 3906; x_wconf 88' lang='lat' dir='ltr'><strong>itaque</strong></span> <span class='ocrx_word' id='word_1_260' title='bbox 706 3803 827 3909; x_wconf 55' lang='lat' dir='ltr'><strong>hunos</strong></span> <span class='ocrx_word' id='word_1_261' title='bbox 840 3831 930 3878; x_wconf 90' lang='lat' dir='ltr'><strong>cum</strong></span> <span class='ocrx_word' id='word_1_262' title='bbox 953 3805 1199 3880; x_wconf 85' lang='lat' dir='ltr'><strong>subterraneo</strong></span> <span class='ocrx_word' id='word_1_263' title='bbox 1220 3805 1398 3910; x_wconf 80' lang='lat' dir='ltr'><strong>jungens.</strong></span> 
     </span>
     <span class='ocr_line' id='line_1_30' title="bbox 176 3926 1710 4038; baseline 0.007 -38"><span class='ocrx_word' id='word_1_264' title='bbox 176 4017 178 4036; x_wconf 22' lang='grc' dir='ltr'>ἰ</span> <span class='ocrx_word' id='word_1_265' title='bbox 208 3929 295 4000; x_wconf 79' lang='lat' dir='ltr'><strong>Axis</strong></span> <span class='ocrx_word' id='word_1_266' title='bbox 321 3926 536 4032; x_wconf 81' lang='lat' dir='ltr'><strong>vegetabilis</strong></span> <span class='ocrx_word' id='word_1_267' title='bbox 569 3929 638 4029; x_wconf 86' lang='lat' dir='ltr'><strong>qui</strong></span> <span class='ocrx_word' id='word_1_268' title='bbox 664 3957 776 4028; x_wconf 84' lang='lat' dir='ltr'><strong>supra</strong></span> <span class='ocrx_word' id='word_1_269' title='bbox 808 3947 948 4004; x_wconf 89' lang='lat' dir='ltr'><strong>terram</strong></span> <span class='ocrx_word' id='word_1_270' title='bbox 972 3929 1075 4034; x_wconf 92' lang='lat' dir='ltr'><strong>degit</strong></span> <span class='ocrx_word' id='word_1_271' title='bbox 1098 3957 1169 4034; x_wconf 90' lang='lat' dir='ltr'><strong>pro</strong></span> <span class='ocrx_word' id='word_1_272' title='bbox 1193 3930 1297 4012; x_wconf 89' lang='lat' dir='ltr'><strong>varia</strong></span> <span class='ocrx_word' id='word_1_273' title='bbox 1324 3930 1453 4005; x_wconf 90' lang='lat' dir='ltr'><strong>indole</strong></span> <span class='ocrx_word' id='word_1_274' title='bbox 1467 3930 1589 4029; x_wconf 27' lang='lat' dir='ltr'><strong>,variis</strong></span> <span class='ocrx_word' id='word_1_275' title='bbox 1613 3957 1710 4038; x_wconf 90' lang='lat' dir='ltr'><strong>quo·</strong></span> 
     </span>
     <span class='ocr_line' id='line_1_31' title="bbox 120 4051 1709 4164; baseline 0.001 -35"><span class='ocrx_word' id='word_1_276' title='bbox 120 4052 198 4152; x_wconf 75' lang='lat' dir='ltr'><strong>que</strong></span> <span class='ocrx_word' id='word_1_277' title='bbox 214 4051 407 4127; x_wconf 77' lang='lat' dir='ltr'><strong>salutatur</strong></span> <span class='ocrx_word' id='word_1_278' title='bbox 431 4052 664 4128; x_wconf 88' lang='lat' dir='ltr'><strong>nominibus.</strong></span> <span class='ocrx_word' id='word_1_279' title='bbox 714 4057 812 4132; x_wconf 89' lang='lat' dir='ltr'><strong>Sunt</strong></span> <span class='ocrx_word' id='word_1_280' title='bbox 838 4055 906 4159; x_wconf 86' lang='lat' dir='ltr'><strong>qui</strong></span> <span class='ocrx_word' id='word_1_281' title='bbox 932 4082 1094 4160; x_wconf 72' lang='lat' dir='ltr'><strong>omnem</strong></span> <span class='ocrx_word' id='word_1_282' title='bbox 1110 4082 1218 4133; x_wconf 83' lang='lat' dir='ltr'><strong>axem</strong></span> <span class='ocrx_word' id='word_1_283' title='bbox 1242 4058 1428 4164; x_wconf 85' lang='lat' dir='ltr'><strong>epigaeum</strong></span> <span class='ocrx_word' id='word_1_284' title='bbox 1452 4057 1617 4134; x_wconf 83' lang='lat' dir='ltr'><strong>caudiois</strong></span> <span class='ocrx_word' id='word_1_285' title='bbox 1640 4057 1709 4131; x_wconf 80' lang='lat' dir='ltr'><strong>ad-</strong></span> 
     </span>
    </p>
   </div>
   <div class='ocr_carea' id='block_1_2' title="bbox 141 4312 1610 4441">
    <p class='ocr_par' dir='ltr' id='par_1_2' title="bbox 141 4312 1610 4441">
     <span class='ocr_line' id='line_1_32' title="bbox 141 4312 1610 4441; baseline 0.005 -36"><span class='ocrx_word' id='word_1_286' title='bbox 141 4334 175 4420; x_wconf 75' lang='lat'><strong>*)</strong></span> <span class='ocrx_word' id='word_1_287' title='bbox 193 4339 352 4407; x_wconf 83' lang='lat' dir='ltr'><strong>Nonnullis</strong></span> <span class='ocrx_word' id='word_1_288' title='bbox 362 4312 458 4401; x_wconf 73' lang='lat' dir='ltr'><strong>nodus</strong></span> <span class='ocrx_word' id='word_1_289' title='bbox 467 4353 509 4403; x_wconf 88' lang='lat' dir='ltr'><strong>est</strong></span> <span class='ocrx_word' id='word_1_290' title='bbox 519 4364 536 4402; x_wconf 89' lang='lat' dir='ltr'><strong>a</strong></span> <span class='ocrx_word' id='word_1_291' title='bbox 546 4313 606 4426; x_wconf 86' lang='lat' dir='ltr'><strong>quo</strong></span> <span class='ocrx_word' id='word_1_292' title='bbox 617 4346 802 4428; x_wconf 70' lang='lat' dir='ltr'><strong>cotyledones</strong></span> <span class='ocrx_word' id='word_1_293' title='bbox 812 4350 967 4441; x_wconf 83' lang='lat' dir='ltr'><strong>oriuntur,</strong></span> <span class='ocrx_word' id='word_1_294' title='bbox 981 4350 1047 4413; x_wconf 78' lang='lat' dir='ltr'><strong>aliia</strong></span> <span class='ocrx_word' id='word_1_295' title='bbox 1056 4347 1154 4413; x_wconf 77' lang='lat' dir='ltr'><strong>nodus</strong></span> <span class='ocrx_word' id='word_1_296' title='bbox 1163 4351 1203 4415; x_wconf 86' lang='lat' dir='ltr'><strong>ad</strong></span> <span class='ocrx_word' id='word_1_297' title='bbox 1214 4374 1303 4438; x_wconf 85' lang='lat' dir='ltr'><strong>quom</strong></span> <span class='ocrx_word' id='word_1_298' title='bbox 1313 4347 1610 4420; x_wconf 64' lang='lat' dir='ltr'><strong>herculanarum.</strong></span> 
     </span>
    </p>
   </div>
   <div class='ocr_carea' id='block_1_3' title="bbox 0 0 2038 5204">
    <p class='ocr_par' dir='ltr' id='par_1_3' title="bbox 0 0 2038 5204">
     <span class='ocr_line' id='line_1_33' title="bbox 0 0 2038 5204; baseline 0 1"><span class='ocrx_word' id='word_1_299' title='bbox 0 0 2038 5204; x_wconf 95' lang='lat' dir='ltr'><strong> </strong></span> 
     </span>
    </p>
   </div>
  </div>
 </body>
</html>
