4066 5204
296 211 342 262 22

292 399 423 463 autem
447 376 580 456 eodem
615 374 726 480 fungi
751 399 911 449 munere
933 371 1215 480 physiologico,
1254 375 1309 450 ita
1345 357 1392 449 ut
1415 403 1523 453 nunc
1546 378 1715 482 calycem
1739 370 1902 455 simulet

294 508 511 615 apetalum,
548 507 608 577 uti
634 501 676 575 in
700 504 851 574 Juncais
875 498 1052 603 plurimis
1077 516 1132 573 est
1154 500 1301 591 videre,
1337 529 1446 577 nunc
1478 503 1662 581 corollam
1686 503 1811 580 imitet
1836 531 1903 579 ca-

295 636 378 740 lyce
401 632 640 718 destitutam,
665 643 783 730 prout
807 627 1054 701 Liliacearum
1078 626 1203 733 major
1226 652 1313 732 pars
1339 629 1512 704 ostendit

395 778 504 877 Quid
529 776 701 867 tandem,
726 791 772 849 ut
796 774 910 879 plura
941 774 1017 850 alia
1040 778 1211 882 exempla
1238 776 1428 863 omittam,
1461 777 1670 855 dicendum
1695 777 1742 852 de
1768 778 1903 875 fimo-

298 907 455 984 tionibus
480 903 747 1007 maledomim,
775 903 935 977 caulium
959 903 1290 986 subterraneorum.
1315 903 1551 979 balbillorum
1576 904 1618 978 in
1644 903 1767 987 axillis
1790 888 1905 977 folio-

298 1059 388 1106 rum
425 1026 757 1134 provenientium,
788 1031 1156 1133 pericurpiorumque
1188 1030 1408 1104 variorum?
1450 1027 1557 1127 Quid
1590 1028 1637 1104 de
1664 1029 1906 1128 pedunculis,

301 1157 474 1245 bracteis,
514 1138 770 1256 calycibusque
795 1151 864 1260 qui
890 1151 1197 1258 pericarpiorum
1217 1153 1319 1228 vices
1343 1154 1536 1229 subeunt?
1560 1190 1612 1215 ε-
1652 1154 1749 1249 Quae
1774 1170 1908 1228 tamen

303 1281 454 1369 omnia,
477 1278 546 1371 esti
571 1276 710 1351 summi
728 1278 913 1353 momenti
929 1279 971 1353 in
993 1278 1231 1354 defendenda
1259 1277 1355 1354 thesi
1381 1306 1481 1369 mea,
1507 1279 1636 1354 minus
1660 1276 1791 1359 adhuc,
1813 1305 1908 1380 pro-

302 1407 413 1496 bant,
430 1433 451 1480 e
470 1403 736 1478 functionibus
750 1400 920 1504 partium
939 1401 1179 1477 definitiones
1200 1401 1503 1507 morphologicas
1528 1431 1609 1479 non
1633 1430 1708 1480 esse
1733 1421 1909 1517 repeten-

304 1531 392 1616 das,
428 1559 473 1604 ac
498 1527 669 1630 exempla
695 1520 961 1630 pretiosissima
996 1553 1258 1631 organorum,
1282 1553 1368 1630 quae
1393 1545 1462 1603 aut
1487 1527 1639 1604 diversis
1665 1529 1752 1603 vitae
1776 1517 1909 1614 stadiis

305 1655 458 1730 diversis
482 1653 702 1756 funguntur
727 1651 961 1741 muneribus,
988 1669 1056 1724 aut
1081 1678 1243 1755 quoque,
1269 1680 1436 1758 quorum
1457 1673 1583 1754 partes
1607 1653 1759 1727 diversae
1784 1652 1910 1727 diver-

305 1806 362 1855 sas
389 1780 534 1853 obeunt
567 1778 674 1853 vices.
713 1778 775 1851 Sic
800 1776 911 1880 calyx
942 1803 1051 1851 verus
1074 1777 1262 1853 latrabile
1284 1780 1436 1879 Jalapoe
1467 1776 1607 1852 habitu
1632 1777 1911 1879 functioneque

308 1886 474 2008 superne
508 1902 693 1988 corollam
728 1901 864 1990 refert,
903 1901 984 1975 basi
1020 1902 1203 2006 ampliata
1237 1921 1275 1979 et
1308 1905 1529 2009 persistente
1563 1903 1734 1978 fructum
1761 1919 1909 2006 tegens,

219 2063 226 2076 ’
308 2029 472 2131 ideoque
495 2026 755 2130 pericarpium
778 2025 975 2102 mentiens.
1017 2029 1079 2103 Sic
1103 2031 1324 2104 Fritilluriae
1347 2029 1473 2133 sepala
1498 2029 1701 2133 petalaque
1726 2028 1806 2101 basi
1833 2025 1910 2099 mel

309 2154 504 2243 fundunt,
528 2178 692 2255 superne
717 2167 846 2226 autem
872 2151 1051 2257 genitalia
1078 2171 1218 2260 tegunt.
1254 2156 1315 2230 Sic
1332 2157 1383 2229 ,in
1407 2155 1632 2254 Euphorbiis
1656 2144 1780 2254 partes
1804 2150 1912 2254 glan-

310 2279 455 2355 dulosae
479 2278 663 2353 foliorum
678 2276 868 2353 involucri
895 2280 1143 2384 gamophylli,
1169 2297 1301 2354 nectar
1324 2278 1507 2366 fundunt,
1535 2278 1588 2349 ita
1614 2276 1791 2349 nectariis
1815 2277 1913 2350 veris

311 2403 470 2490 similes,
508 2402 603 2480 dum
628 2401 796 2496 ejusdcm
821 2404 1172 2496 involuti-reliqua
1189 2424 1277 2498 pars
1295 2399 1415 2470 'flores
1436 2396 1608 2473 involvit.
1657 2397 1717 2473 Sic
1745 2398 1912 2502 (lenique

312 2521 606 2626 receptaculum
637 2516 743 2588 floris
775 2518 996 2616 Frugarioe,
1033 2518 1245 2620 pedunculi
1270 2524 1473 2612 Ηονεηίιε,
1511 2523 1721 2622 Semecarpi
1743 2540 1781 2599 et
1805 2525 1913 2599 Ληα-

315 2649 438 2724 cardii
448 2663 557 2720 aetate
571 2640 805 2746 provectiore
818 2640 976 2713 baccam
990 2639 1194 2732 simulant,
1219 2643 1458 2746 bracteaeque
1478 2651 1668 2746 Junipari,
1696 2651 1914 2726 maturante

314 2775 476 2859 semine,
513 2769 646 2839 itidem
673 2790 839 2839 carnosae
872 2763 1064 2854 evadunt,
1103 2790 1148 2840 ao
1172 2768 1301 2871 plures
1325 2786 1430 2845 arcte
1456 2789 1634 2855 connatae
1647 2773 1914 2879 pericarpium

301 2897 518 2972 baccatum
547 2889 801 2963 mentiuntur.

416 3038 596 3113 Pluribus
633 3037 812 3140 exemplis
837 3038 951 3113 modo
984 3038 1190 3114 allatorum
1220 3071 1428 3118 numerum
1453 3072 1534 3121 non
1560 3046 1726 3148 augebo,
1766 3072 1816 3116 ne
1840 3047 1915 3116 lec·

316 3167 464 3243 toribus
477 3164 665 3239 benevolis
676 3161 834 3236 taedium
849 3191 1028 3241 moveam.
1056 3166 1214 3240 Utinam
1229 3166 1326 3240 mihi
1341 3161 1556 3274 contigisset
1571 3185 1616 3243 ut
1632 3167 1914 3268 quodammodo

317 3293 472 3382 saltam,
497 3288 602 3391 quod
627 3287 873 3392 probandum
898 3287 996 3363 mihi
1021 3317 1318 3395 proposueram,
1342 3296 1573 3398 probarem,
1593 3289 1811 3371 nimirums
1866 3287 1871 3296 ’

421 3444 576 3541 ,Aeque
600 3464 674 3512 esse
699 3438 887 3542 simplices
913 3459 1018 3544 typos
1041 3441 1229 3544 partium,
1257 3444 1396 3547 quibus
1422 3443 1522 3514 alma
1548 3455 1687 3514 natura
1714 3440 1807 3518 fines
1831 3467 1917 3520 suos

320 3567 550 3668 assequitur,
577 3592 621 3639 ac
647 3564 759 3640 variae
784 3579 877 3638 sunt
901 3564 1116 3656 functiones
1141 3594 1227 3669 quae
1252 3569 1425 3670 partibus
1452 3561 1680 3644 tribuuntur
1687 3581 1722 3661 ;³’

337 3803 341 3808 ⁸
379 3696 393 3719 ⁴
423 3767 440 3800 «
448 3715 556 3789 Folia
583 3730 751 3804 tantum,
788 3721 989 3819 partesque
1014 3743 1035 3790 e
1060 3715 1160 3790 foliis
1186 3715 1341 3791 mutatis
1366 3715 1564 3808 formatas,
1590 3744 1823 3823 organorum
1848 3744 1917 3792 no-

327 3841 431 3915 mine
456 3840 733 3945 designanda,”
1589 3864 1594 3867 ·

427 3993 683 4076 „Functiones
707 3989 981 4095 physiologicas
1005 3990 1193 4093 partium,
1218 3988 1487 4093 habitumque,
1511 3993 1726 4072 functiones
1751 3991 1921 4094 plerum-

328 4141 410 4220 que·
428 4116 673 4208 indicantem,
699 4118 858 4192 minime
885 4132 967 4190 tuto
993 4114 1211 4198 adhibenda
1236 4116 1286 4190 ad
1310 4115 1569 4192 definiendam
1593 4144 1725 4192 earum
1752 4115 1920 4190 indolem

330 4239 679 4345 morpbologicam‚
715 4258 759 4346 et.
790 4269 836 4318 ex
874 4240 1080 4317 insertione
1115 4242 1195 4320 sola
1235 4269 1466 4347 organorum
1505 4244 1749 4354 dignitatem
1768 4268 1922 4344 cognos-
1983 4320 2009 4328 ⁸,

332 4366 536 4461 cendam;²’
