4066 5204
314 249 361 354 ts

311 461 483 549 antheris
507 464 712 551 reconditi,
729 459 772 562 '*)
810 457 937 563 neque
961 459 1011 535 ad
1034 476 1193 564 systema
1220 460 1404 552 centrale,
1432 468 1567 566 'neque
1592 463 1642 539 ad
1667 463 1824 540 laterale
1845 467 1915 542 ret

310 594 402 674 ferri
428 609 593 700 possunt.
635 590 833 695 Originem
869 584 1031 661 trahunt
1055 613 1101 661 ex
1127 587 1295 692 organis,
1331 587 1520 690 (partibus
1552 589 1799 694 periphericis
1832 592 1914 687 sive

309 718 564 818 lateralibus‚)
591 705 776 821 originem
798 729 930 819 autem
954 711 1050 788 dant
1072 715 1178 789 novis
1197 713 1413 789 in'dividuisss
1438 715 1562 818 Major
1587 717 1747 790 affinitas
1773 718 1919 821 globu-¹

308 832 355 921 lis
379 845 536 950 pollinis
568 871 657 917 cum
684 840 857 944 partibus
890 840 1044 930 atomis,
1078 840 1285 916 seminibus
1311 856 1439 914 autem
1463 868 1553 914 cum
1577 859 1776 945 systemate
1801 843 1916 918 axili‘,

308 974 574 1077 Integumenta
610 958 782 1054 seminis,
817 964 955 1039 limites
988 967 1097 1067 quasi
1129 978 1290 1041 matrem
1326 967 1428 1039 inter
1458 959 1773 1071 et'embryonem
1798 969 1914 1043 ellum.

308 1084 477 1186 mantia,
509 1097 632 1199 quum
660 1092 771 1203 prius
804 1088 931 1163 adsint
966 1119 1083 1193 quam
1108 1092 1281 1195 embryo‚
1315 1090 1605 1195 proculdubio
1639 1120 1661 1165 a
1695 1109 1833 1166 matre·
1851 1093 1914 1198 gi-

308 1238 492 1327 gnuntur.
555 1206 814 1321 Embryonem
861 1227 965 1289 coitu
1005 1211 1203 1320 vegetabili
1244 1216 1348 1321 gigni
1389 1216 1550 1308 scimus,
1598 1218 1810 1322 quomodo
1830 1218 1913 1324 gig-

202 1382 206 1386 ·
307 1362 427 1421 natur
460 1347 677 1450 ignoramus
684 1376 694 1437 ;
728 1340 877 1446 organis
909 1369 989 1415 non
1028 1337 1362 1416 adnumerandum
1388 1367 1462 1416 esse
1486 1339 1733 1446 embryonem
1758 1361 1912 1419 certum

307 1459 381 1577 est,
407 1473 485 1575 ipse
510 1471 616 1547 enim
641 1458 887 1544 individuum
912 1457 1026 1541 efficit
1050 1458 1274 1572 organicum
1300 1466 1352 1565 (h.
1378 1493 1407 1540 e
1434 1462 1582 1572 organis
1607 1470 1831 1568 munitum).

410 1670 533 1768 Supra
558 1666 637 1769 jam
663 1664 916 1739 indicavimus
942 1680 1067 1769 partes
1095 1664 1281 1767 quasdam
1304 1664 1589 1770 vegetabilium,
1623 1694 1717 1769 quas
1742 1692 1910 1743 accesso·

308 1795 384 1865 risu
409 1791 592 1880 diximus,
627 1791 718 1892 quia
753 1789 902 1864 nonin
936 1790 1042 1864 omni
1067 1789 1504 1893 plantasinveniuntur,
1538 1807 1576 1864 et
1601 1791 1686 1867 ideo
1712 1791 1762 1866 ad
1787 1793 1909 1867 vitam
1951 1819 1961 1830 ’

306 1916 554 2019 vegetabilem
578 1916 840 2023 sustinendam
866 1915 1080 1989 necessariae
1106 1943 1187 1989 non
1221 1931 1333 2004 sunt,
1368 1916 1437 1990 etsi
1469 1914 1668 1992 individua
1704 1917 1748 1990 iis
1776 1945 1910 1994 carere

305 2041 441 2142 saepius
467 2068 546 2114 non
573 2056 740 2143 possunt
786 2043 864 2114 Gur
890 2067 970 2114 non
996 2039 1250 2114 dubitaverim
1277 2039 1420 2115 radices
1446 2041 1548 2115 inter
1574 2043 1792 2116 accessorias
1818 2069 1910 2144 par-

308 2179 361 2239 tes
394 2191 641 2253 enumerare,
676 2162 769 2237 alibi
806 2163 995 2246 indicabo.
1032 2165 1215 2267 Reliquas
1240 2162 1383 2271 barum
1407 2166 1579 2268 partium
1604 2166 1744 2240 formas
1766 2165 1833 2241 hic
1858 2166 1909 2250 si,-

306 2287 426 2363 lentio
450 2290 661 2393 praeteribo,
688 2315 737 2362 ne
763 2288 914 2392 longior
941 2288 1008 2361 liat
1034 2288 1367 2364 dissertatiuncula
1393 2317 1487 2379 mea,
1513 2316 1631 2389 quam
1656 2288 1711 2358 fas
1736 2304 1797 2361 est
1832 2290 1909 2365 Hic

306 2412 407 2496 istud
435 2411 1456 2508 tantum'mopehnrnerrisjggioplammhaspartes
1481 2434 1559 2486 non
1587 2434 1662 2484 esse
1688 2411 1906 2515 adscriptas,

306 2550 344 2610 et
368 2534 502 2636 saepius
527 2530 747 2634 vegetabilis
767 2553 852 2630 quae
871 2527 1063 2630 glandulis
1088 2529 1148 2602 vel
1172 2528 1260 2629 pilis
1282 2544 1380 2602 tecta
1406 2548 1534 2621 erant,
1560 2534 1712 2609 cultura
1737 2535 1813 2612 sive
1840 2538 1921 2614 cli-'

305 2674 408 2733 mate
442 2654 680 2741 nudabam,
718 2652 778 2727 vel
810 2678 969 2754 quoque,
987 2652 1139 2753 plantas
1165 2651 1207 2726 in
1233 2653 1419 2726 umbrosis
1443 2653 1691 2761 humidisque
1714 2661 1806 2735 locis
1820 2690 1906 2754 ,nu-

307 2782 394 2868 das,
437 2781 478 2852 in
504 2779 686 2852 calidiore
704 2793 830 2874 terra,
868 2775 1111 2876 aridioreque
1133 2775 1234 2865 solo,
1271 2775 1363 2880 pilis
1388 2778 1545 2858 muniri.
1585 2782 1717 2856 Nescio
1743 2811 1794 2858 an
1820 2762 1906 2868 uni-¹

306 2931 426 3006 qrtam
450 2918 564 3006 typus
590 2900 755 2975 inveniri
780 2899 897 3003 possit
922 2899 1092 3002 partium
1108 2901 1430 2995 accessoriarum3
1463 2903 1561 2979 mihi
1595 2906 1646 2980 in=
1672 2934 1716 2982 eo
1752 2924 1905 2986 tantum

307 3028 510 3112 ,convenire
527 3026 724 3118 videntur,
749 3043 795 3100 ut
818 3024 965 3099 cellulis
977 3024 1221 3110 ·'formentur,
1248 3041 1363 3126 atque
1389 3027 1550 3103 trocheis
1574 3029 1670 3103 veris
1696 3030 1907 3108 destituan-

308 3169 380 3226 tur.
405 3153 688 3231 Radicesverae
714 3178 737 3225 a
762 3150 937 3253 caulibus
963 3150 1161 3253 ramisque,
1181 3165 1317 3252 praeter
1334 3149 1582 3228 directionem
1598 3167 1636 3225 et
1648 3150 1903 3244 insertionem,

306 3277 386 3382 jam
411 3279 451 3351 in
478 3305 522 3352 eo
547 3276 750 3366 differunt,
774 3275 880 3379 quod
905 3260 1121 3377 {umquam
1146 3273 1237 3347 folia
1262 3272 1434 3379 gignunt.
1458 3278 1594 3349 Ramos
1609 3273 1844 3376 quandoque
1858 3283 1905 3351 eir

306 3402 382 3477 illis
407 3403 617 3507 provenire,
640 3402 687 3492 iis
711 3401 850 3476 similes
877 3427 971 3504 quos
995 3400 1038 3475 in
1064 3400 1295 3500 Euphorbioe
1303 3400 1514 3505 Lathyridis
1526 3397 1768 3501 aliarumque
1793 3401 1905 3505 plan·

327 3737 359 3811 l)
389 3738 554 3798 Videantur
575 3761 639 3818 qun
659 3740 767 3797 clariss.
797 3735 857 3795 An.
877 3737 1088 3818 Bnorentant·
1108 3737 1145 3797 de
1165 3737 1355 3822 globulorum
1378 3736 1592 3815 pollinicorum
1613 3739 1821 3820 seminumque
1842 3743 1907 3800 l'or-

380 3824 521 3880 'matione
553 3820 667 3900 publici
697 3821 768 3898 luris
788 3820 882 3892 lecit,
913 3823 947 3878 in
977 3819 1055 3877 libro
1086 3820 1135 3878 cui
1166 3821 1287 3877 titulus:
1324 3817 1494 3888 „Mernoire
1512 3837 1565 3878 sur
1585 3818 1615 3876 la
1632 3823 1808 3898 generation
1828 3833 1858 3880 et
1877 3821 1904 3886 le

319 3939 325 3946 ·
387 3902 618 3982 developpement
645 3903 682 3960 dc
701 3901 865 3983 l'embryon
884 3901 962 3959 dans
982 3900 1020 3958 les
1039 3903 1180 3976 negemur
1193 3897 1435 3978 phanerogcmes.
1478 3899 1554 3958 Paris
1585 3901 1672 3981 1827.
1717 3900 1902 3981 Clarissimus

384 3995 487 4041 auctor
507 3984 668 4042 observavit
689 3981 825 4062 globulos
847 3983 1008 4062 pollinicos
1029 3983 1144 4039 cellulis
1165 3979 1282 4050 inludi,
1309 3991 1339 4038 et
1359 3979 1438 4040 hanc
1459 3979 1499 4039 ob
1520 4000 1581 4039 rem
1604 4002 1666 4040 non
1688 4001 1743 4058 pro
1765 3987 1822 4042 tela
1843 3989 1903 4044 cel-

304 4126 308 4131 „
386 4056 703 4143 lulosadecomposita
725 4061 884 4122 habendos.
911 4063 944 4120 si
965 4063 1207 4142 unamquamque
1221 4063 1366 4122 ¹cellulam
1387 4061 1580 4144 vegetabilem
1603 4060 1757 4122 inditium
1778 4066 1904 4145 compa,-

387 4161 497 4216 ramus,
517 4148 638 4203 cellulas
659 4143 797 4216 minores,
819 4165 890 4223 quas
911 4146 1054 4217 continet,
1075 4162 1129 4222 pro
1151 4141 1240 4219 hujus
1261 4142 1410 4202 individui
1432 4142 1632 4223 prolababere
1644 4163 1808 4222 possumus.
1832 4148 1905 4204 Cel-

388 4226 456 4283 tulae
466 4245 529 4304 quae
539 4229 641 4304 pollen
653 4227 809 4284 continent
824 4225 854 4283 V
852 4224 994 4285 olvocr'bns
1003 4222 1227 4304 quodammodo
1238 4225 1349 4301 similes
1359 4235 1427 4283 sunt
1433 4266 1444 4298 ,
1457 4235 1558 4303 prater
1568 4224 1700 4283 indolem
1709 4225 1902 4306 vegetabilem

389 4305 423 4364 in
438 4325 473 4364 eo
487 4315 585 4364 tamen
598 4313 658 4384 jam
672 4319 689 4364 a
705 4309 778 4367 reris
795 4302 824 4362 V
822 4305 965 4365 obootbm
987 4307 1173 4378 recedentes,
1194 4305 1275 4384 quod
1296 4306 1375 4364 inter
1394 4327 1424 4365 se
1444 4304 1609 4380 cobserent,
1630 4327 1685 4365 nec
1707 4305 1804 4365 liberae
1817 4317 1903 4366 sunt.
1923 4370 1927 4375 ,

326 4390 329 4395 ’
384 4383 487 4446 Proles
511 4390 687 4446 cellularum¹
701 4389 733 4446 in
752 4385 912 4446 individuis
929 4388 1106 4466 simplicibus
1121 4386 1250 4469 speciem
1271 4397 1456 4471 propagant,
1478 4387 1512 4448 in
1531 4386 1695 4468 compositas
1713 4388 1903 4469 vegetationis

389 4467 673 4550 fecundaticnisque
693 4468 804 4528 linibus
824 4469 999 4532 inserviunt.
1130 4486 1135 4498 ‘
1638 4468 1643 4475 ”
