4066 5204
214 88 241 185 l

215 280 432 365 hicfacia'm
441 280 613 372 nullam,
627 274 885 386 parum'enim
898 284 1031 378 refert,
1050 304 1184 363 utrum
1195 285 1381 392 amphora
1399 285 1577 390 qumdam
1591 284 1695 362 vino
1707 285 1834 365 sitm·

216 413 337 517 plata,
371 438 422 488 an
459 411 544 485 oleo
570 424 639 482 aut
660 432 782 510 aqua,
816 435 964 515 semper
988 411 1175 516 amphora
1200 413 1289 504 erit,
1315 411 1578 516 amphoraqne
1602 426 1664 485 est
1692 410 1832 489 dicen·

146 605 149 609 ,
216 535 274 611 da.
299 582 351 598 -
392 539 495 639 lpsas
520 549 648 608 autem
672 530 829 607 cellulas
854 550 935 609 tam
957 537 1246 640 vegetabilium,
1271 564 1389 642 quam
1413 536 1662 626 animalium,
1690 535 1832 615 creda·

216 686 299 737 rem
324 662 498 764 partibus
523 648 659 762 ὥτᾶμοις
683 684 890 763 corporum
915 661 1226 765 inorganicorum
1248 688 1323 736 esse
1347 640 1532 768 analogas.
1572 663 1725 765 ’Asopon
1740 663 1832 770 qui·

216 785 303 859 dem
332 814 411 860 non
436 804 544 877 sunt,
577 804 616 862 et
639 787 689 860 ab
720 786 854 859 atomis
879 786 986 889 regni
1017 785 1211 861 mineralis
1234 785 1313 891 jam
1337 787 1379 862 in
1405 814 1450 862 eo
1478 789 1684 880 differunt,
1703 791 1832 895 -quod

217 935 317 984 cavae
341 928 447 1001 sunt,
473 939 599 1014 neque
621 909 767 999 solidae,
791 909 1045 986 nihilominus
1071 928 1198 986 tamen
1224 911 1477 986 elementariae
1501 929 1625 1017 partes
1651 932 1757 989 sunt
1781 917 1832 992 sis

215 1056 259 1107 ve
283 1036 482 1137 particulae
506 1034 795 1124 constituentes,
819 1050 858 1109 et
881 1033 992 1110 hanc·
1010 1035 1059 1110 ob
1084 1062 1180 1125 rem,
1205 1048 1376 1140 respectu
1398 1034 1532 1112 habito
1557 1037 1831 1133 mineralium,

91 1243 96 1253 Ι
217 1155 349 1262 aliquo
374 1161 507 1236 saltem
531 1161 617 1266 jure
641 1149 761 1263 dro'par
788 1174 855 1232 aut
879 1158 1061 1235 monades
1086 1158 1266 1234 dicendae.

313 1300 458 1375 Eadem
481 1303 536 1376 vis
561 1303 747 1407 genetrix,
775 1329 861 1408 quae
886 1300 1088 1396 cellulasr)
1113 1300 1334 1405 progenuit,
1363 1301 1573 1404 (quomodo
1598 1316 1736 1377 autem
1760 1330 1831 1400 eas

214 1420 363 1526 gignat,
401 1426 588 1501 nescimus
598 1428 625 1526 ,)
657 1430 807 1504 casita
842 1426 1086 1516 consociavit,
1120 1438 1166 1513 ut
1193 1444 1319 1524 partes
1345 1433 1558 1526 compositae
1587 1425 1830 1507 formentur.

104 1624 107 1630 ,
214 1548 416 1623 Particulae
449 1552 720 1627 constituentes
751 1555 828 1629 sive
860 1552 1045 1629 elementa
1071 1548 1243 1654 partium
1269 1549 1425 1624 illarum
1451 1550 1541 1627 licet
1563 1550 1641 1625 sint
1666 1552 1829 1646 eadem,

213 1673 435 1748 earumdem
460 1673 583 1750 forma
607 1693 737 1751 tamen
761 1695 801 1753 et
824 1677 988 1782 dignitas
1013 1701 1120 1779 aeque
1146 1703 1191 1750 ac
1215 1700 1305 1750 usus
1322 1701 1552 1779 magnopere
1573 1691 1665 1750 sunt
1691 1675 1829 1753 diver·
1904 1686 1905 1711 ¹

213 1819 262 1869 sa.
296 1798 355 1872 De
381 1798 503 1875 forma
529 1801 631 1875 infra
657 1801 814 1904 loquar,
847 1800 954 1904 quod
977 1814 1106 1874 autem
1132 1797 1182 1874 ad
1208 1798 1434 1902 dignitatem
1458 1816 1497 1875 et
1512 1826 1633 1878 ,usum
1657 1799 1828 1893 attinet,

213 1926 287 1994 tria
312 1924 483 2025 partium
509 1927 623 2001 modo
647 1940 946 2002 memoratarum
970 1951 1106 2030 genera
1132 1923 1370 1999 admittenda
1396 1950 1536 1999 censeo.
1574 1922 1634 1999 Ad
1654 1931 1828 2023 primum

210 2072 328 2146 genus
350 2074 404 2123 eae
427 2068 553 2155 partes
577 2069 669 2128 sunt
695 2051 939 2142 referendae,·
957 2076 1064 2155 quae,
1099 2076 1223 2152 quum
1252 2047 1330 2122 vita
1366 2047 1580 2152 vegetabilis
1616 2049 1661 2124 iis
1686 2070 1829 2130 carere
1888 2128 1892 2133 ,

211 2167 350 2272 possit,
384 2183 605 2252 accessoriae
640 2176 811 2252 dicendae
835 2191 935 2250 sunt.
985 2174 1193 2253 Secundum
1216 2199 1331 2274 genus
1364 2171 1408 2246 iis
1435 2170 1611 2275 partibus
1634 2172 1827 2266 efficitur,

213 2319 301 2395 quae
326 2324 467 2394 organa
492 2316 583 2374 sunt
607 2301 693 2375 vitae
701 2358 719 2379 ,⁴
735 2300 819 2374 sine
844 2298 1088 2391 quibus-vita
1114 2296 1331 2392 vegetabilis
1353 2289 1509 2394 cogitari
1533 2293 1828 2398 wstentarique

213 2442 295 2489 non
320 2430 459 2518 potest,
485 2420 626 2488 tertium
650 2429 780 2486 autem
794 2412 880 2486 istas
896 2410 1142 2514 amplectitur
1160 2429 1303 2515 partes,
1322 2440 1407 2515 quae
1427 2414 1543 2489 vitam
1560 2416 1703 2519 plantae
1719 2446 1827 2497 con-

212 2539 354 2627 tinent,
368 2563 454 2640 quae
468 2553 655 2640 tanquam
667 2552 797 2611 centra
812 2536 898 2610 vitae
914 2535 1144 2610 considerari
1158 2534 1309 2609 debent.
1338 2539 1446 2612 Tales
1458 2556 1548 2613 sunt
1560 2545 1692 2627 caulis,
1705 2550 1824 2639 romi,

212 2652 362 2747 ramuli,
375 2663 576 2764 floresque.
601 2663 670 2736 Hae
693 2677 827 2765 partes,
852 2684 939 2764 quae
965 2660 1072 2733 omni
1096 2659 1181 2762 jure
1201 2661 1385 2736 centrales
1398 2660 1423 2735 l.
1451 2662 1566 2739 aniles
1581 2693 1823 2771 nuncupan-

214 2800 312 2889 tur,
340 2813 572 2892 organorum
598 2786 756 2861 nomine
778 2784 967 2890 designari
992 2812 1073 2858 non
1098 2801 1275 2887 possunt,
1316 2813 1439 2888 quum
1465 2787 1554 2891 ipsae
1578 2791 1726 2894 organis
1753 2793 1823 2871 in·

210 2925 363 2985 structae
386 2930 487 2999 sunt,
513 2913 653 3014 quibus
677 2912 796 2987 vitam
820 2925 1043 2994 sustentant,
1068 2910 1183 2984 Haud
1209 2910 1338 3000 inepte
1361 2911 1489 2986 forsan
1513 2912 1706 2989 columnae
1728 2944 1822 2994 ver·

211 3033 350 3108 tehrali
376 3036 605 3109 animalium
625 3021 1080 3139 comparandumcenseo
1105 3032 1254 3108 caulem
1279 3034 1338 3108 vel
1361 3035 1451 3110 axin
1477 3036 1716 3139 plantarum,
1743 3043 1821 3144 qui

211 3157 313 3234 sedes
338 3175 393 3235 est
416 3160 518 3250 vitae,
544 3161 649 3266 origo
674 3161 848 3262 basisque
874 3187 1104 3263 organorum
1136 3185 1335 3249 verorum,
1368 3175 1408 3235 et
1433 3161 1501 3263 qui
1526 3160 1628 3236 hanc
1654 3164 1702 3237 ob
1728 3192 1819 3245 rem

214 3282 439 3386 primariam
462 3311 570 3387 aeque
596 3312 640 3359 ac
666 3286 829 3360 maxime
854 3284 1087 3360 essentialem
1111 3294 1260 3388 parte'm
1284 3285 1500 3388 vegetabilis
1525 3286 1648 3360 efficit.
1885 3286 1887 3291 ’

314 3409 521 3484 Secundum
541 3437 658 3512 genus
683 3409 853 3514 partium
878 3408 1193 3513 compositarum,
1217 3427 1401 3513 utsupra
1426 3410 1505 3515 jam
1531 3411 1717 3504 diximus,
1749 3442 1817 3496 eas

95 3554 101 3562 ·
213 3532 388 3607 continet
412 3551 559 3637 partes,
592 3535 732 3637 quihus
756 3535 963 3640 vegetabile
988 3561 1115 3609 carere
1139 3562 1219 3609 non
1245 3550 1367 3638 potest
1389 3536 1440 3609 ad
1462 3536 1582 3611 vitam
1604 3538 1815 3634 tuendam,

210 3658 450 3764 speciemque
474 3660 772 3765 propagandam.
820 3660 858 3736 Si
883 3659 1002 3736 caulis
1027 3665 1115 3736 aitte
1136 3685 1326 3761 organon,
1350 3659 1435 3736 sive'
1453 3688 1622 3764 organon
1647 3668 1816 3746 centrata

238 3941 266 4016 ⁴)
305 3942 349 4002 De
370 3946 442 4006 rasis
461 3947 613 4026 spiralibus
633 3969 795 4030 eorumque
808 3950 897 4017 variis
918 3947 1189 4008 modificationibus
1209 3949 1323 4028 aliquid
1343 3951 1535 4030 proterendi,
1566 3954 1649 4010 locus
1670 3949 1722 4014 bic
1741 3974 1809 4019 non

307 4034 360 4085 cst.
400 4024 515 4088 Arridct
535 4030 656 4109 quidem
679 4029 755 4088 mihi
775 4033 879 4109 opinio
900 4050 1019 4104 eorum,
1041 4031 1093 4109 qui
1113 4051 1181 4092 vasa
1202 4032 1322 4108 spiralia
1343 4034 1457 4092 cellulis
1476 4035 1590 4092 inclusa
1611 4036 1809 4112 renuntiant,

306 4103 444 4167 nondum
466 4119 564 4170 tamen
586 4110 717 4171 tracheas
731 4115 845 4172 cellulis
859 4111 1024 4171 reconditas
1043 4112 1116 4172 ridi.
1137 4110 1252 4170 Ductus
1271 4111 1511 4187 intereellnlarcs,
1533 4113 1586 4172 etsi
1601 4117 1720 4175 maximi
1738 4137 1809 4176 mo-

305 4188 400 4248 menti
419 4193 453 4248 in
472 4191 532 4249 vita
544 4197 732 4271 plantarum,
754 4204 870 4269 tamen,
892 4213 984 4272 quum
1006 4193 1049 4251 nil
1071 4192 1153 4251 aliud
1172 4196 1282 4252 sintae
1302 4191 1400 4254 hiatus
1421 4197 1499 4254 inter
1519 4198 1654 4266 cellulas,
1674 4199 1808 4278 propriis

301 4269 462 4350 parietibus
482 4271 631 4352 destituti,
651 4276 729 4336 inter
747 4285 844 4358 partes
862 4278 1033 4357 plantarum
1055 4275 1257 4336 elementarias
1278 4277 1420 4339 recenseri
1441 4294 1506 4336 non
1525 4287 1660 4362 possunt.
1716 4298 1719 4307 ·
