4066 5204
215 163 263 217 10

213 351 270 414 est
293 360 387 411 axes
405 333 593 435 primarii,
617 355 834 440 numquam
856 325 984 413 forsan
997 337 1037 436 ⁹⁶)
1061 336 1283 413 sarmentosi
1306 351 1418 428 sunt,
1445 322 1573 412 omnia
1598 350 1817 429 sarmenta,

213 475 282 546 aut
301 461 484 564 pleraque
509 461 656 550 saltem,
680 463 814 536 axibus
838 460 1071 537 secundariis
1095 461 1170 538 sive
1196 461 1309 536 ramis
1333 462 1595 537 efformantur.

311 586 414 660 Stolo
440 613 462 658 a
487 606 668 661 sarmento
694 586 805 661 aliter
829 614 910 660 non
936 586 1064 661 differt
1088 614 1133 661 ac
1158 585 1355 676 radiculis,
1382 585 1424 658 in
1451 588 1580 674 latere,
1601 581 1706 686 quod
1720 572 1818 656 'ter-

213 735 297 784 ram
321 725 485 812 spectat,
509 711 683 813 undique
707 716 850 813 (neque
872 700 1111 786 solummodo
1138 710 1187 785 ad
1213 708 1348 806 nodos)
1373 707 1695 813 provenientibus.
1723 705 1818 801 Qu-

213 827 280 906 um
306 849 486 936 praeterea
511 834 673 909 stolones
698 822 846 938 semper
872 833 949 910 sere
969 837 1111 910 steriles
1133 835 1211 909 sint
1235 833 1517 937 simplicesque,
1542 832 1617 907 hoc
1642 846 1717 918 est,
1741 856 1817 904 ne·

214 983 288 1059 que
314 956 424 1030 flores
449 985 574 1060 neque
599 987 722 1033 ramos
746 948 992 1062 proferentes,
1017 959 1144 1062 potius
1169 987 1364 1035 ramorum
1390 985 1507 1062 quam
1532 957 1703 1030 caulium
1728 981 1817 1030 mo-

213 1077 473 1154 dificationem
500 1083 609 1157 nobis
634 1083 827 1158 exhibent
867 1086 965 1158 Sunt
991 1101 1117 1159 tamen
1145 1111 1299 1187 quoque
1323 1084 1507 1166 stolones,
1531 1109 1563 1155 v.
1588 1099 1619 1154 'c.
1642 1079 1817 1155 Hederae

212 1180 303 1278 H'el
288 1210 373 1295 acis,
398 1206 467 1308 qui
494 1207 606 1282 initio
631 1210 771 1285 steriles
796 1208 951 1284 demum
976 1209 1085 1284 flores
1111 1209 1284 1314 gignunt.
1582 1216 1587 1230 “

307 1330 443 1405 Surcul
442 1357 486 1405 us
513 1348 567 1405 est
592 1333 710 1407 caulis
735 1361 977 1423 muscorum,
1004 1360 1026 1407 a
1052 1333 1161 1408 caule
1186 1331 1409 1436 plantarum
1434 1329 1814 1433 phanerogamarum

202 1448 358 1544 ,fabrica
383 1454 537 1528 >interna
563 1442 690 1561 magis*
704 1457 888 1548 diversus,
913 1484 1032 1560 quam
1054 1473 1219 1532 externa.
1246 1459 1293 1533 In
1317 1481 1361 1530 eo
1379 1453 1587 1559 praesertim
1612 1450 1813 1552 areliquis

213 1576 387 1650 caulibus
412 1579 556 1666 differt,
582 1582 687 1683 quod
712 1582 806 1656 vasis
830 1575 1041 1685 spiralibus¹
1058 1597 1170 1656 caret.

310 1701 491 1803 Lignosus
516 1705 594 1778 axis
620 1724 769 1780 truncus
793 1706 903 1780 audit
927 1705 969 1780 in
995 1690 1309 1807 dicotyledoneis,
1348 1706 1457 1801 stipes
1481 1700 1524 1775 in
1549 1693 1813 1797 monocotyle·

213 1818 343 1898 'doncis
368 1827 511 1928 plantis
538 1815 788 1933 filicibusque.
815 1833 991 1904 Truncus
1005 1829 1221 1933 saepissime,
1245 1828 1358 1930 stipes
1382 1841 1511 1901 autem
1536 1822 1724 1897 rarissime
1749 1845 1814 1892 ra·

142 2016 145 2027 ,
212 1973 337 2022 mosus
362 1967 423 2023 est.
463 1953 686 2029 Occurrunt
711 1973 839 2097 tamen
865 1982 1019 2058 quoque
1046 1953 1175 2030 trunci
1200 1953 1389 2058 simplices
1413 1950 1633 2054 stipitesque
1657 1944 1807 2019 ramosi.

212 2194 275 2269 Da
299 2198 508 2274 Carrucam
532 2203 594 2278 in:
620 2204 932 2309 Organographie
956 2205 1128 2307 vegetale.

310 2324 479 2398 Tantum
504 2326 552 2400 de
576 2355 709 2421 aneos
709 2348 823 2418 parte
840 2325 1316 2422 &gemmasque
1317 2315 1509 2405 terminis,
1534 2315 1678 2418 quibus
1698 2317 1812 2390 variae

213 2437 381 2541 ejusdem
405 2424 705 2514 modificationes
721 2442 976 2544 appellantur.
1003 2442 1091 2514 lllas
1114 2441 1244 2514 axium
1270 2455 1404 2543 partes,
1430 2466 1516 2543 quae
1541 2466 1682 2545 organa
1707 2440 1811 2515 floris

210 2555 288 2637 sive
312 2562 422 2636 flores
448 2564 545 2666 ipsos
569 2564 814 2655 suffulciunt,
840 2565 923 2638 aliis
948 2566 1239 2669 designaverunt
1262 2563 1493 2647 nominibus.

312 2704 595 2806 Receptaculum
607 2705 723 2805 floris
741 2705 817 2782 sive
834 2707 965 2778 rechin
989 2731 1074 2778 eam
1089 2704 1226 2779 dicunt
1242 2728 1349 2778 axeos
1373 2720 1541 2810 partem,
1567 2703 1667 2778 circa
1693 2730 1811 2808 quam

134 2894 161 2931 a
215 2851 355 2930 organa
382 2825 503 2930 posita
530 2845 622 2902 sunt
647 2856 734 2933 quae
757 2829 891 2903 florem
916 2828 1106 2922 efficiunt,
1131 2829 1239 2902 illam
1264 2844 1393 2901 autem
1417 2845 1565 2932 partem
1590 2854 1698 2902 axeos
1724 2852 1811 2928 quae

214 2947 324 3024 flores
352 2951 410 3025 vel
436 2979 560 3027 ramos
584 2952 732 3028 florales
758 2959 901 3055 (neque
925 2953 1092 3038 foliosos)
1117 2952 1207 3042 fert,
1234 2954 1535 3053 irfiorescenticm
1560 2966 1809 3048 nuncupant,

214 3077 496 3171 receptaculum,
522 3095 591 3150 aut
611 3082 746 3152 raclu'n
757 3081 921 3178 florum,
944 3077 1209 3176 receptaculum
1223 3074 1438 3160 conrnune,
1463 3074 1714 3154 οἱίηαηιήἰιιιιι,
1746 3095 1810 3167 pe-

216 3199 414 3307 dunculum
433 3208 625 3300 proprium
650 3219 688 3277 et
713 3228 954 3284 communem
983 3202 1205 3301 pedicellum
1229 3215 1297 3275 etc.
1323 3217 1391 3276 etc.
1429 3195 1561 3272 Varias
1585 3193 1724 3267 formas
1749 3192 1811 3267 in·

214 3320 560 3416 florescentiarum,
586 3353 614 3401 e.
639 3356 692 3431 gr.
717 3328 878 3430 spicam,
903 3350 1115 3414 racemum,
1136 3317 1292 3427 ⁴'cymam
1317 3325 1493 3423 aliasque,
1519 3319 1594 3393 alio
1621 3317 1705 3416 loco
1731 3318 1811 3422 jam

217 3447 336 3523 firsius
363 3451 531 3524 tractavi.
576 3451 649 3524 Hic
676 3452 841 3529 breviter
864 3450 946 3548 hoo
965 3467 1117 3526 tantum
1143 3448 1343 3547 in'dicabo,
1374 3439 1639 3549 pedunculum
1664 3443 1810 3550 simpli·

217 3599 299 3650 cem
327 3574 386 3649 vel
408 3574 639 3678 pedicellum
660 3604 681 3649 a
702 3603 808 3649 ramo
829 3575 1013 3679 simplici,
1036 3571 1301 3678 pedunculum
1317 3567 1576 3673 'compositum
1591 3585 1719 3644 autem
1735 3567 1810 3642 sive

217 3697 538 3780 infloresccntiam
563 3699 985 3794 (rachin'communem)
1013 3728 1034 3772 a
1061 3722 1167 3771 ramo
1197 3711 1265 3768 aut
1289 3695 1397 3786 caule
1421 3719 1567 3768 ramoso
1593 3694 1704 3768 aliter
1729 3718 1810 3766 non

214 3822 385 3913 differre,
411 3851 457 3899 ac
481 3839 621 3898 natura
647 3826 878 3928 organorum
902 3849 989 3929 quae
1012 3823 1150 3897 ferunt„
1176 3819 1294 3918 Quod
1317 3835 1448 3894 tamen
1473 3818 1593 3908 infra,
1616 3818 1739 3921 quum
1764 3814 1811 3890 de

219 3947 451 4054 organorum
479 3975 564 4025 vcra
592 3949 722 4025 indole
747 3949 915 4026 locuturi
939 3974 1085 4038 sumus,
1110 3945 1226 4022 satius
1251 3943 1424 4021 elucebit
1505 4010 1514 4025 ,

240 4236 267 4317 *l
289 4237 354 4299 Nisi
374 4233 541 4341 gravissime
562 4239 687 4312 fallor,
678 4259 711 4297 ιιι
736 4235 929 4314 Umbelbfiris
948 4237 1083 4318 pluribus
1105 4236 1318 4318 nonnullisque
1339 4230 1451 4315 generis
1474 4225 1643 4288 Rununculi
1661 4221 1812 4306 speciebus

300 4339 370 4380 axes
387 4319 527 4401 primarii
543 4321 717 4383 sarmentosi
737 4321 937 4382 inveniuntur.
