4066 5204
313 170 363 247 ‘to

313 365 422 467 Quot
448 381 578 464 autem
604 360 891 441 demonstratur
914 362 1094 466 exemplis
1118 389 1293 467 pappum
1317 361 1642 465 calycemzverum
1667 395 1759 461 esse,
1787 399 1808 446 e
1832 400 1924 451 ver·

289 491 432 569 ‘ticillo
472 491 655 564 foliorum
702 489 934 577 formatum,
964 488 1199 590 minimeque
1223 516 1295 592 pro
1320 515 1462 592 organo
1487 493 1642 595 proprio
1671 490 1922 577 habendum!

415 616 571 711 Quanta
591 630 645 687 est
662 639 776 716 porro
799 613 1010 687 similitudo
1033 640 1118 716 quae
1141 614 1241 687 inter
1258 611 1403 687 cirrhos
1414 613 1614 691 intercedit
1622 620 1892 724 capreolosque
1910 627 1920 696 l

312 739 444 842 Neque
476 738 599 811 forma
632 738 712 812 sola
738 738 992 828 conveniunt,
1017 739 1172 841 utrique
1204 738 1308 812 enim
1339 737 1471 812 eodem
1496 739 1714 845 iunguntur
1738 773 1901 823 munere
1908 781 1921 842 3

224 937 226 939 ,
313 863 455 939 debiles
488 862 677 937 sustinent
711 861 859 950 caules,
894 884 1158 966 manuumque
1191 862 1239 936 ad
1276 863 1400 953 instar
1425 865 1619 968 arripiunt
1641 868 1777 944 herbas
1802 873 1921 947 arbo-

312 1013 445 1091 resque
463 987 615 1062 vieinas.
641 987 692 1058 Et
715 1001 843 1060 tamen
866 986 1062 1089 capreolus
1088 986 1138 1060 ad
1154 1003 1311 1089 systema
1338 987 1504 1063 centrale
1529 990 1764 1084 referendus,
1788 1022 1917 1096 quum

306 1138 440 1187 ramus
476 1111 525 1184 sit
562 1126 749 1199 mutatus,
785 1108 964 1184 cirrhum·
993 1127 1122 1184 autem
1147 1109 1317 1185 videmus
1342 1136 1363 1184 e
1388 1109 1480 1205 folio
1505 1133 1722 1217 pronatum.
1767 1119 1917 1196 Eodem
1990 1185 1995 1193 .

311 1236 425 1313 modo
449 1234 571 1309 forma
587 1234 770 1310 exteriore
785 1227 1125 1337 functionibusque
1141 1233 1377 1310 conveniunt
1399 1237 1519 1338 spinae
1544 1240 1750 1343 aculeique
1775 1243 1914 1320 Aculei

310 1377 441 1436 autem
465 1361 640 1464 partibus
665 1359 877 1434 accessoriis
905 1360 1186 1436 adnumerandi
1211 1375 1325 1444 sunt,
1350 1359 1445 1432 dum
1469 1362 1579 1465 spina
1605 1391 1732 1439 ramus
1756 1382 1811 1440 est
1836 1369 1913 1441 mi-

311 1513 384 1563 nus
436 1486 681 1577 efformatus,
740 1485 980 1591 diligentiore
1026 1486 1179 1592 cultura
1220 1484 1449 1588 plerumque
1493 1485 1535 1560 in
1585 1514 1726 1564 verum¹
1750 1518 1914 1568 ramum

309 1610 526 1686 mutandus.
1778 1613 1780 1616 ’

410 1737 540 1832 Quam
574 1722 706 1811 multae
740 1752 831 1811 sunt
866 1737 1009 1840 plantae
1043 1736 1085 1813 in
1121 1736 1261 1840 quibus
1281 1736 1440 1839 'calyces
1460 1736 1732 1840 bracteisque,
1763 1737 1911 1837 eximiis

307 1861 420 1965 pictae
445 1861 658 1950 coloribus,
683 1875 855 1963 respectu
872 1860 1130 1965 physiologica
1150 1860 1367 1965 petalorum
1393 1862 1475 1936 loca
1502 1878 1641 1936 tenent.
1668 1864 1701 1936 E
1723 1865 1910 1940 sexcentis

307 1983 474 2061 Cornum
485 1986 692 2086 floridam,
717 1988 985 2090 Hydrangenm
1011 1989 1234 2070 hortensem,
1260 1987 1826 2092 Mirabilem,·Helleborumque
1850 1996 1908 2062 ηἰ-

303 2137 412 2211 grum
438 2111 656 2185 nominabo.
679 2111 862 2186 .Existere
887 2111 1108 2215 vegetabilia
1136 2111 1179 2185 in
1205 2111 1345 2214 quibus
1371 2110 1513 2205 corolla
1540 2111 1719 2202 foliacea,
1743 2112 1910 2204 viridis,

249 2226 253 2234 ’
301 2261 521 2339 parumque
536 2240 539 2245 ’
554 2236 777 2338 conspicua,
821 2235 1002 2338 calycinis
1034 2235 1211 2338 fungitur
1244 2236 1491 2322 muneribus,
1537 2237 1680 2320 Virum,
1723 2237 1910 2311 Cissorum
1943 2310 1945 2313 ,

302 2358 1405 2458 Araliacearumquewpluriumdncemurexemplo„'In
1425 2357 1571 2457 majore
1596 2358 1906 2460 monocotyledo-

298 2507 465 2556 neorum
488 2478 757 2582 vegetabilium
778 2488 951 2562 numero,
975 2473 1118 2547 corolla
1144 2501 1166 2545 a
1192 2474 1319 2574 calyce
1344 2477 1455 2550 aliter
1469 2503 1514 2551 ac
1541 2477 1745 2554 insertione
1771 2480 1907 2560 distin-

297 2604 368 2710 ·gui
390 2631 473 2678 non
497 2617 639 2706 potest,
675 2598 801 2703 calyci'
822 2596 1054 2696 caeteroquin
1081 2612 1159 2701 tarn
1183 2582 1335 2686 similis,
1372 2617 1418 2673 ut
1452 2599 1645 2700 duplicem
1665 2601 1902 2684 ‘verticillum

301 2729 523 2831 calycinum
547 2738 711 2798 statuere
736 2720 864 2801 coacti,
888 2720 966 2793 fere
989 2718 1174 2810 iuremus,
1214 2720 1287 2815 nisi
1317 2720 1605 2827 elegantissimis
1623 2818 1626 2822 Α
1641 2727 1902 2825 Comnrelinen·
1998 2730 2001 2735 ’

296 2878 384 2928 'rum
400 2852 440 2952 ‘'r')
465 2851 828 2953 Alisrnae'enrumque
853 2845 1013 2922 floribus
1039 2862 1278 2949 compertum
1303 2845 1549 2943 haberemus,
1576 2851 1619 2926 in
1644 2857 1903 2960 monocotyle-

320 3088 353 3170 t‹)
381 3089 480 3149 Floret
500 3091 647 3148 normales
668 3086 886 3147 Tradescantice
901 3085 1069 3166 virginior,
1088 3095 1123 3143 ut
1143 3088 1277 3165 plerique
1290 3091 1579 3169 ¹monocotyledonei
1600 3088 1703 3161 flores,
1731 3091 1897 3168 equinden
1967 3080 1970 3091 “

382 3176 441 3230 cim
464 3170 596 3248 partibus
623 3179 770 3235 constant,
801 3168 936 3246 Calycem
960 3166 1147 3243 trisrpalum,
1174 3167 1354 3228 aestivatione
1380 3171 1603 3239 subvalvatum,
1633 3170 1764 3246 sequitur
1785 3172 1897 3232 corolla

381 3250 534 3331 tripetala,
562 3251 741 3310 aestivatione
767 3252 945 3321 convoluta,
972 3246 1051 3305 hanc
1070 3247 1198 3305 stamina
1217 3249 1286 3322 sex,
1316 3271 1444 3330 quorum
1466 3254 1526 3311 trio
1546 3249 1649 3329 petalis
1669 3251 1801 3326 alterna,
1829 3250 1897 3313 bre-

314 3345 318 3359 ·“
380 3334 477 3406 viora,
499 3333 581 3412 prius
607 3329 780 3403 dehiscunt,
810 3329 889 3409 tria,
922 3340 990 3386 ante
1017 3330 1113 3407 petala
1144 3329 1258 3407 posita,
1282 3332 1441 3413 interiora,
1469 3335 1559 3390 serius
1588 3327 1722 3388 antheras
1747 3334 1895 3411 aperiunt.

380 3414 523 3473 Centrum
554 3412 636 3470 floris
663 3422 742 3469 tenet
771 3413 910 3490 capsula,
938 3410 1130 3481 trilocularis,
1158 3411 1257 3490 itaque
1278 3412 1442 3492 disposita,
1472 3423 1506 3470 ut
1526 3412 1724 3469 loculamenta
1746 3435 1813 3472 cum
1835 3427 1897 3474 sta·

379 3496 512 3555 minibus
531 3493 721 3552 interioribus
741 3496 897 3554 alternent.
939 3491 982 3548 Ab
1003 3488 1059 3548 hac
1079 3510 1183 3549 norma
1205 3497 1339 3570 plantam
1362 3504 1461 3552 tamen
1482 3491 1663 3550 aberrantem
1685 3494 1757 3553 vidi.
1776 3531 1818 3544 -
1838 3496 1895 3557 Ni-

379 3577 489 3640 mirum
510 3575 621 3635 obtulit
641 3572 716 3631 mihi
737 3571 795 3631 boc
815 3571 1113 3631 annoTrades'oantia
1133 3572 1289 3650 virginiae,
1310 3576 1349 3631 in‘
1363 3572 1449 3631 horto
1471 3572 1611 3632 botanico
1628 3565 1779 3634 Basiliensi
1802 3581 1896 3652 culta,

360 3656 466 3716 ⁴ilores
494 3658 592 3735 plures
619 3657 705 3714 aliter
724 3654 905 3712 essormatos.
937 3653 1035 3712 Flores
1055 3653 1128 3712 duos
1150 3654 1377 3713 hendecameros
1397 3655 1499 3714 inveni
1511 3695 1520 3727 ,
1541 3652 1573 3711 h.
1595 3675 1620 3714 e.
1641 3658 1675 3714 ex
1695 3659 1811 3736 organis
1833 3679 1896 3716 un-

376 3738 473 3799 decim
495 3736 649 3796 conssatos.
672 3733 773 3817 Calya
791 3733 890 3794 aderat
910 3733 1072 3814 disepalus,
1092 3734 1204 3794 corolla
1223 3734 1369 3813 dipetala,
1388 3734 1516 3794 stamina
1537 3746 1682 3816 quatuor,
1694 3738 1817 3813 fruetus
1837 3741 1893 3797 tri-

376 3821 525 3880 locularis.
566 3818 663 3877 Petala
683 3818 809 3877 omnino
831 3817 967 3895 opposita
988 3837 1056 3874 cum
1078 3817 1183 3893 sepalis
1204 3815 1307 3873 itidem
1328 3816 1504 3884 exactissime
1524 3820 1669 3896 oppositis
1689 3818 1891 3894 alternabant,

380 3921 396 3959 ο
416 3900 592 3960 staminibus
613 3898 674 3957 duo
696 3909 764 3957 ante
785 3900 899 3977 petala,
929 3899 1018 3954 altera
1039 3897 1100 3955 duo
1122 3906 1190 3954 ante
1210 3898 1306 3974 sepala
1326 3899 1426 3974 posita
1446 3909 1537 3957 erant.
1579 3899 1791 3958 Loculamenta
1812 3901 1892 3960 sruc-

378 3990 426 4040 tus
445 3982 506 4040 duo
528 3983 643 4041 minora
664 3978 835 4053 observavi,
856 3978 1077 4056 approximata,
1110 3978 1274 4056 majorique
1295 3978 1522 4059 subopposita,
1534 3977 1603 4038 'boc
1624 3990 1722 4038 autern
1744 3983 1890 4042 exactissi-

375 4081 424 4123 me
444 4074 512 4121 ante
531 4067 699 4142 sepalorum
721 4081 815 4118 unum
837 4063 966 4138 positum
986 4069 1057 4119 erat.
1077 4094 1119 4107 -
1138 4062 1170 4119 si
1191 4060 1282 4140 igitur
1301 4060 1430 4119 fructum
1452 4062 1551 4136 minus
1573 4061 1648 4119 bene
1670 4061 1887 4138 conformatum

362 4162 595 4223 'numerumque
623 4144 751 4224 partium
780 4142 923 4216 excipias,
951 4141 1054 4198 omnia
1082 4140 1113 4198 in
1141 4138 1201 4199 hoo
1217 4138 1290 4199 flore
1311 4143 1457 4200 normalia
1479 4153 1581 4216 erant,
1609 4141 1735 4219 sepalis,
1765 4147 1888 4221 petalis,

374 4224 614 4304 straminibusque
633 4227 688 4284 rite
708 4221 870 4282 efformatis
891 4222 1110 4302 dispositisque.

414 4305 528 4366 Tertius
543 4305 599 4365 llos
613 4307 729 4387 organis
752 4325 785 4363 21
810 4303 975 4366 constabat.
1005 4303 1117 4381 Sepalis
1141 4300 1277 4382 praeditus
1299 4313 1360 4362 erat
1381 4311 1525 4383 quatuor,
1546 4304 1649 4384 petalis
1672 4303 1794 4362 totidem
1816 4322 1886 4359 cum

374 4389 481 4472 sepalis
499 4388 731 4464 alternantibus,
751 4385 929 4461 staminibus
950 4404 1075 4460 novem,
1095 4385 1252 4466 fructuque
1272 4384 1513 4465 quadriloculari.
1545 4384 1669 4446 Fructus
1688 4386 1887 4444 loculamenta
