4066 5204
1782 325 1809 404 9

216 505 417 597 scendcntis
442 491 598 581 nomine
625 499 831 602 designant
877 496 1003 609 Vulgo
1030 496 1230 583 herbaceus
1254 501 1339 573 uris
1365 497 1507 593 caulis,
1535 498 1702 602 culmus,
1728 527 1834 581 soa,-

216 656 311 735 pus,
336 640 464 723 (sensu
487 625 655 722 latiore.,)
680 621 975 726 hydrocormus,
998 622 1114 711 stolo,
1139 645 1311 712 cormus,
1333 623 1512 701 surculus,
1534 622 1806 732 flagellumque

217 753 337 830 audit.
457 803 460 809 ·
724 823 726 828 .

319 876 445 952 Cunus
469 888 523 948 est
547 872 628 947 axis
650 868 783 973 saepius
807 867 907 943 foliis
932 870 1121 972 ramisque
1146 869 1363 944 instructus.

197 1097 200 1102 Ι
318 1002 549 1076 Culmus-»est
573 997 651 1083 axis
684 993 891 1083 fistulosus,
927 992 1036 1087 nodis
1062 993 1194 1069 validis
1218 991 1395 1096 foliisque
1419 994 1575 1070 alternis
1601 996 1681 1070 basi
1706 996 1809 1101 vagi-

217 1125 400 1206 nantibus
425 1121 615 1209 munitus,
640 1117 794 1221 qualem
818 1118 860 1192 in
887 1118 1095 1208 Gramineis
1119 1116 1297 1193 videmus.

246 1314 250 1333 ,
321 1249 491 1331 Calamus
515 1234 570 1318 est
595 1243 744 1329 culmus
768 1240 915 1331 enodis,
939 1241 1167 1344 plerumque
1191 1240 1342 1331 solidus.
1367 1243 1498 1343 Aeque
1522 1269 1566 1316 ac
1591 1242 1740 1317 culmus
1767 1225 1809 1318 in

217 1371 304 1447 solis
329 1366 701 1471 monocotyledoneis
725 1364 912 1453 occurrit,
946 1391 968 1438 a
993 1375 1105 1467 sca‘po
1128 1363 1191 1452 rix
1215 1363 1502 1469 dignoscendus.
1539 1367 1721 1469 Exempla
1749 1393 1811 1440 ea·

218 1497 312 1571 lami
336 1500 450 1570 Junci
468 1518 585 1598 genus
608 1491 739 1566 obfert
770 1487 1019 1580 Notandum„
1036 1489 1226 1575 calamum
1249 1503 1398 1590 partem
1424 1489 1550 1591 potius
1575 1515 1649 1564 esse
1675 1490 1811 1581 caulis,

220 1645 339 1721 quam
363 1616 512 1719 caulem
535 1616 755 1720 integrum,
772 1639 903 1716 ,quum
928 1611 1009 1700 basi
1032 1636 1179 1716 semper
1203 1610 1303 1688 foliis
1329 1612 1535 1689 instructus
1559 1614 1608 1688 sit
1633 1612 1727 1689 falso
1752 1603 1813 1688 ra·

219 1740 405 1817 dicalibus
430 1739 549 1813 dictis.
856 1819 859 1828 ,
895 1820 896 1825 ,
951 1752 953 1756 ’
1144 1822 1146 1827 ,
1394 1721 1397 1727 ’
1475 1820 1481 1830 ,

319 1864 460 1962 Scupus
484 1877 649 1965 estpars
672 1859 811 1951 caulis,
844 1860 1074 1964 plerumque
1098 1862 1472 1965 monocotyledonei,
1505 1890 1613 1937 nunc
1638 1861 1814 1966 aphylla,

220 2002 259 2064 et
290 1987 398 2091 apice
429 1985 564 2074 florem
596 1984 811 2074 solitarium
845 2002 913 2060 aut
946 1984 1056 2088 flores
1080 1986 1237 2089 plures,
1263 1988 1365 2062 varie
1392 2002 1603 2091 aggregatos
1628 1983 1814 2084 (inflores-

220 2110 403 2205 centiam)
428 2107 632 2212 proferens,
657 2115 805 2214 (scapus
830 2109 985 2215 proprie
1008 2111 1062 2191 sic
1086 2112 1229 2199 dictus,
1253 2127 1290 2186 et
1305 2110 1451 2185 calami
1478 2111 1521 2185 in
1545 2110 1704 2185 modum
1729 2137 1817 2215 par-

218 2250 298 2317 ,tem
323 2234 556 2337 superiorem
582 2249 734 2311 tantum
759 2261 867 2309 axeos
892 2224 1160 2325 constituens)
1186 2262 1294 2310 nunc
1319 2233 1418 2314 foliis
1444 2234 1648 2323 instructa,
1674 2259 1695 2309 e
1720 2260 1816 2336 quo-

220 2384 308 2432 rum
333 2357 448 2432 axilla
474 2357 572 2431 rami
596 2359 676 2432 veri
701 2385 782 2433 non
806 2359 1016 2462 prodeunt,
1045 2375 1083 2435 et
1107 2357 1211 2433 hanc
1238 2360 1287 2434 ob
1304 2384 1383 2432 rem
1397 2356 1566 2461 simplex.
1592 2360 1728 2462 Scupos
1753 2373 1814 2432 ex-‘

221 2479 358 2569 hibent
380 2480 523 2567 ‚titur
551 2481 766 2566 candidum,
798 2483 1033 2576 bulbiffirum,
1057 2485 1097 2583 ⁹⁶)
1141 2485 1349 2559 Fritillaria
1378 2484 1576 2582 urtrerialis
1607 2483 1815 2585 multaeque

222 2604 307 2680 aliae
332 2604 475 2706 plantae
500 2603 701 2692 Βίίιάοεοε.41
1026 2702 1029 2705 1

322 2727 620 2828 Hydrocormum
644 2738 781 2799 vocant
804 2749 962 2826 scapum
980 2721 1046 2818 =uel
1072 2719 1222 2795 caulem
1247 2736 1462 2812 natantem,
1485 2721 1586 2798 foliis
1610 2723 1692 2798 basi
1716 2727 1820 2831 vagi·

220 2851 407 2946 pentibus
432 2850 648 2941 munitum,
673 2847 883 2950 saepiusque
906 2844 1194 2921 horizontaliter
1218 2863 1494 2948 prorepentem.
1520 2849 1722 2923 Terminus
1738 2849 1820 2926 hic-

223 2950 386 3078 'ee,.quo
410 2972 600 3053 rarissime
618 2987 785 3046 utuntur
799 2971 997 3074 scriptores
1013 2969 1204 3075 botanici,
1230 2969 1359 3044 minu's
1384 2969 1482 3044 bene
1508 2969 1673 3045 definitis
1698 2973 1821 3050 adnu-

226 3097 451 3188 merandus,
477 3125 601 3201 quum
625 3095 768 3201 plantis
793 3092 1051 3170 dissimillimis
1084 3093 1263 3197 (Ncpudi,
1290 3095 1488 3196 Polygono
1516 3096 1720 3195 emptitio,
1748 3098 1821 3176 im·

225 3249 288 3301 mo
316 3239 355 3316 et
384 3224 568 3312 Lemnoe,)
595 3222 835 3326 hydrocormi
858 3218 1089 3311 tribuantur.
1116 3215 1189 3314 (Cf.
1219 3216 1258 3291 C.
1288 3218 1334 3293 G.
1358 3220 1466 3294 Nrrs
1490 3245 1574 3296 Vou
1599 3223 1821 3316 Erro-ner,

224 3343 446 3439 Handbuch
468 3346 537 3420 ‹ler
561 3345 722 3452 Botanik
746 3347 806 3440 ὃς.
832 3367 889 3441 99
921 3343 1018 3441 103.)
1768 3447 1769 3450 Ἴ

322 3470 549 3549 Sarmentum
581 3484 635 3544 est
669 3468 748 3542 axis
781 3467 1053 3572 procumbens,
1084 3464 1135 3540 ad
1169 3464 1304 3556 nodos,
1336 3466 1565 3570 plerumque
1590 3467 1816 3547 internodiis

227 3592 464 3698 longioribus
474 3591 890 3703 separatos,·radicans,
911 3615 1111 3692 ramosque
1123 3588 1360 3693 protrudens.
1386 3590 1494 3665 Tales
1511 3591 1636 3667 caules
1649 3617 1819 3672 sarmen-

219 3733 321 3795 tosos
335 3715 516 3815 obferunt
528 3720 727 3820 Fragmioe
738 3715 895 3822 species,
910 3713 1111 3790 Potentilla
1125 3708 1289 3814 reptans,
1305 3713 1475 3818 aliaeque.
1487 3715 1578 3790 Veri
1592 3717 1726 3808 caules,
1743 3717 1818 3796 hoc

244 3998 277 4084 *)
297 4002 407 4062 Lilium
428 4001 599 4077 bulbiferum
618 4002 760 4062 strictiori
780 4019 866 4060 sensu
887 4002 1002 4059 caulem
1023 4001 1189 4079 simplicem
1212 4020 1274 4058 non
1295 3996 1431 4083 exhibet,
1458 4021 1549 4080 quum
1571 4003 1683 4078 axilla,
1712 4009 1816 4084 pruci-

304 4105 364 4162 pue
385 4084 526 4142 foliorum
548 4085 751 4161 superiorum,
776 4094 872 4141 ramos
893 4081 1019 4176 gignant
1048 4115 1089 4129 -
1119 4085 1164 4140 vel
1186 4098 1315 4161 gemmas
1336 4100 1448 4141 ramcas
1468 4085 1570 4141 saltem
1603 4117 1646 4131 -
1674 4083 1817 4148 butbiilos

192 4202 194 4206 -
306 4163 409 4223 dictos.
451 4161 651 4222 Nihilominus
673 4174 773 4222 tamen
793 4171 822 4221 ct
841 4160 918 4220 Libo
939 4160 1080 4236 bulbifero
1100 4181 1203 4240 scapus
1224 4159 1380 4234 tribuitur,
1411 4182 1445 4221 eo
1467 4164 1560 4242 magis
1582 4182 1675 4241 quum
1697 4165 1816 4227 bulbilli

307 4261 380 4299 num
402 4264 470 4303 uam
493 4245 524 4302 iu
545 4245 577 4321 pl
621 4253 663 4315 ta,
691 4263 754 4322 quse
776 4262 824 4301 eos
845 4243 964 4323 genuit,
992 4243 1177 4322 germinent,
1198 4251 1228 4301 ct
1247 4243 1339 4302 caulis
1358 4240 1438 4304 hanc
1456 4240 1495 4302 oh
1516 4261 1587 4306 rom,
1600 4263 1732 4308 ramosus
1752 4267 1816 4315 uon

306 4322 370 4392 fiat.
418 4323 570 4384 ebulbill'
606 4323 763 4384 videantur
782 4343 844 4404 qua
864 4324 941 4383 infra
962 4333 1129 4402 sequentur.

1422 4445 1559 4527 a?
