4066 5204
1764 313 1899 367 21,

215 472 350 550 densis
375 467 515 575 plantis
541 482 750 571 utrumque
774 428 1009 542 verticillum
1027 463 1200 546 floralem
1224 465 1358 543 adesse
1374 444 1551 572 quidelm,
1583 479 1817 590 plerumque
1860 438 1862 442 Α

295 759 382 816 sicuti
411 758 443 815 in
469 754 592 815 floribus
620 755 752 837 legitime
779 756 947 815 constitutis
972 765 1041 815 ante
1066 757 1163 835 petala
1178 756 1280 835 posita
1308 767 1409 840 erant,
1438 770 1551 822 samen
1573 784 1688 832 nonum
1709 775 1810 836 locum

295 839 415 913 tenebat
436 839 514 896 inter
533 837 660 898 stamina
680 837 741 896 duo
762 848 831 896 ante
851 839 983 918 petalum
1005 841 1199 919 sepalumque
1219 839 1325 919 posita.

335 943 484 1021 Quartum
506 941 610 1001 florem
632 943 738 1003 iteruin
759 943 928 1022 apartibus
952 963 986 1002 ar
1010 952 1196 1002 constantem
1216 943 1290 1005 vidi.
1329 943 1434 1024 Sepala
1456 946 1528 1010 huic
1548 964 1632 1013 erant
1653 946 1688 1026 l,
1712 964 1812 1038 petala
1855 960 1857 964 ’

294 1026 431 1099 totidem,
446 1025 574 1084 stamina
596 1034 665 1083 octo
685 1035 715 1083 et
735 1025 848 1084 fructus
869 1023 1209 1104 subquinqueloeularis.
1229 1023 1443 1087 Loculamenta
1463 1043 1592 1111 quatuor
1611 1043 1724 1115 majora
1745 1052 1833 1101 ants,

293 1110 394 1185 sepala
423 1107 520 1186 posita
549 1116 651 1179 erant,
684 1107 843 1185 quintum,
869 1113 938 1165 ante
972 1109 1147 1187 petalorum
1171 1126 1267 1165 unum
1299 1109 1452 1188 positum,
1481 1115 1535 1173 etsi
1567 1116 1679 1192 fertile,
1708 1130 1811 1182 tamen

295 1187 415 1267 reliquis
437 1188 533 1245 multo
553 1187 652 1245 minus
673 1197 745 1250 erat.
792 1186 816 1243 E
835 1185 1012 1246 staminibus
1031 1185 1222 1266 exterioribus
1244 1188 1323 1267 (cum
1345 1191 1449 1268 petalis
1470 1195 1695 1278 alternantibus)
1717 1222 1813 1261 unum

293 1271 385 1327 altero
406 1270 496 1327 latere
517 1267 719 1348 petaloi'deum
741 1277 813 1337 erat,
833 1271 923 1326 altero
939 1269 1069 1347 legitime
1090 1269 1267 1342 formatum,
1288 1272 1445 1330 filamento-
1462 1275 1605 1337 nimirum
1626 1275 1814 1342 hiue'corni·

293 1354 393 1410 culato
413 1349 507 1428 nudo,
528 1350 614 1408 illinc
628 1349 758 1407 normali
771 1347 904 1413 barbato.
926 1353 1027 1428 Quum
1048 1351 1125 1406 latus
1144 1350 1346 1428 petalo'ideum
1366 1352 1398 1411 in
1411 1350 1469 1412 hoc
1488 1358 1627 1432 stamine,
1648 1358 1693 1440 (et
1706 1363 1738 1421 in
1751 1365 1812 1424 alio
1898 1417 1900 1423 ,

291 1430 375 1510 quod
396 1430 499 1501 eodem
522 1429 613 1488 modo
634 1428 822 1510 dispositum,
843 1431 875 1488 in
895 1430 1076 1509 praecedente
1095 1428 1169 1488 flore
1190 1432 1293 1490 inveni
1302 1471 1313 1505 ,
1333 1442 1416 1512 parte
1438 1437 1605 1512 petaloi‘dea
1625 1443 1717 1520 plana
1738 1463 1813 1523 prae-

290 1511 386 1576 ditum
394 1508 422 1592 ,)
448 1509 572 1569 anthera
592 1509 699 1569 orbum
720 1511 847 1590 pilisque
868 1507 1030 1570 articulatis
1050 1510 1225 1570 destitutum
1246 1512 1351 1586 fuerit,
1381 1513 1593 1576 antherilerum
1614 1523 1814 1585 staminoide-

290 1598 403 1673 umque
433 1596 510 1651 latus
542 1603 640 1650 autem
672 1593 742 1670 pilis
771 1592 880 1652 azureis
912 1592 1172 1650 monililormibus
1197 1592 1375 1651 instructum
1404 1596 1547 1672 viderim,
1577 1603 1706 1681 suspicio
1735 1603 1811 1665 mihi

292 1672 397 1732 oborta
418 1685 473 1746 est,
494 1674 572 1754 pilos
592 1674 664 1732 istos
686 1692 741 1752 pro
762 1674 875 1731 lamina
895 1671 1098 1752 decomposita
1118 1671 1270 1731 habendos
1291 1694 1368 1747 esse,
1389 1679 1563 1737 cellularum
1585 1684 1672 1743 series
1692 1706 1815 1766 nempe,

292 1753 400 1833 quibus
429 1756 556 1813 invicem
577 1755 713 1814 connatis
734 1755 845 1812 lamina
865 1756 1031 1834 petalorum
1053 1755 1213 1827 formatur,
1240 1754 1273 1811 in
1300 1756 1455 1816 filamento
1486 1780 1549 1818 non
1579 1775 1721 1824 connatas
1740 1788 1811 1828 esse.
1898 1819 1903 1829 .

289 1835 414 1894 Accedit
434 1833 614 1896 subdistiche
630 1837 730 1914 posita
750 1855 811 1894 esse
830 1837 882 1894 fila
902 1837 957 1894 ista
977 1832 1305 1916 batrachospermo'idea
1324 1839 1371 1896 vel
1392 1840 1609 1903 confervoi'dea·
1688 1882 1691 1887 ·

331 1940 464 2013 Quintus
484 1939 539 2000 flos
560 1962 575 1999 e
595 1939 728 2021 partibus
752 1960 786 2020 17
809 1949 967 2012 constans,
1000 1942 1130 2020 calycem
1152 1937 1306 1998 exhibebat
1328 1941 1520 2022 trisepalum,
1550 1951 1694 2008 corollam
1715 1953 1810 2033 tripii-

289 2024 398 2095 talam,
417 2024 542 2081 stamina
552 2032 664 2102 septem
678 2023 866 2100 fructumque
878 2021 1158 2101 quadrilocularem.
1181 2019 1345 2079 Filumentd
1358 2043 1422 2097 sex,
1439 2028 1541 2084 omnia
1551 2028 1682 2091 antheris
1691 2030 1814 2093 bilocu·

257 2098 260 2104 ’
289 2104 399 2162 laribus
420 2107 579 2178 instructa,
600 2104 731 2183 legitime
752 2102 893 2182 disposita
914 2113 1015 2177 erant,
1047 2104 1232 2181 septimum,
1256 2103 1361 2161 itidem
1382 2103 1505 2164 anthera
1526 2107 1684 2171 biloeulari
1706 2107 1810 2175 serini„

288 2195 413 2259 natum,
442 2186 519 2244 inter
539 2195 652 2243 stamen
683 2184 855 2264 interiuset
875 2187 998 2242 exterius
1019 2186 1200 2264 collocatum
1222 2181 1381 2241 observavi.
1423 2184 1676 2250 Eloculamentis
1696 2195 1812 2256 fructus

289 2268 449 2325 maximum
465 2277 534 2325 ante
544 2269 709 2346 sepalorum
725 2285 819 2324 unum
834 2266 962 2344 positum
977 2275 1037 2325 erat
1042 2304 1053 2337 ,
1067 2284 1136 2322 eum
1149 2261 1332 2322 staminibus
1340 2266 1479 2325 verticilli
1491 2268 1640 2331 interioris
1651 2276 1809 2336 alternans.

327 2372 427 2429 Sextus
449 2371 578 2449 denique
599 2371 666 2446 llos,
688 2369 864 2445 icosimerus,
884 2373 1013 2449 calycem
1035 2367 1187 2427 obterebat
1208 2367 1372 2444 d-merum,
1392 2374 1538 2432 corollam
1559 2375 1728 2452 meram,
1747 2391 1810 2448 sta-

288 2454 370 2510 mina
393 2458 428 2518 8,
449 2452 636 2531 fructumque
658 2467 675 2520 l,
698 2454 869 2511 locularem.
911 2451 1004 2510 Partes
1025 2454 1128 2508 omnes
1148 2449 1282 2531 legitime
1301 2455 1468 2511 constitutae
1489 2467 1572 2515 erant
1591 2456 1808 2542 dispositaque.

326 2557 512 2616 Mentionem
543 2557 591 2616 vix
620 2555 749 2618 fecissem
779 2549 889 2608 florum
918 2549 1042 2606 istorum
1071 2542 1305 2617 tradescantioe,
1332 2548 1390 2606 nisi
1416 2569 1519 2607 eorum
1541 2565 1676 2634 exemplo
1697 2564 1807 2621 iterum

286 2639 478 2718 prometur,
510 2647 594 2710 tum,
626 2633 783 2694 numerum
805 2628 935 2710 partium
956 2626 1107 2687 [localium
1129 2646 1191 2685 non
1213 2644 1330 2704 semper
1351 2626 1580 2691 determinatum
1603 2656 1681 2712 esse,
1709 2661 1807 2722 neque

288 2720 349 2790 ibi,
370 2720 422 2778 ubi
443 2738 599 2777 numerum
623 2718 744 2775 solitum
767 2715 895 2792 partium
919 2708 1133 2780 desideramus,
1153 2725 1268 2786 semper
1289 2705 1428 2767 abortum
1447 2716 1654 2790 statuendum,
1676 2730 1763 2794 tum,
1779 2735 1808 2784 et

283 2802 315 2858 in
338 2799 627 2880 monoeotyledoneis
648 2796 759 2874 plantis
777 2809 929 2850 occurrere
949 2788 1036 2847 flores
1050 2787 1202 2872 verticillis
1224 2785 1343 2845 dimeris
1364 2794 1552 2869 compositos.
1573 2796 1734 2860 Sciebame
1758 2805 1810 2864 uili

286 2879 356 2939 dem
377 2882 410 2936 in
424 2872 899 2956 Pepaeerooeis.Fumariaceisque
910 2871 1088 2930 verticillum
1103 2870 1268 2946 calycinum
1292 2871 1546 2948 plerumquee‘sse
1567 2825 1807 2953 dimemm,boo

286 2972 327 3019 est
347 2960 528 3038 disepalum‚
558 2958 723 3018 nesciebam
751 2965 849 3017 eutem
872 2973 910 3009 an
931 2962 961 3010 et
980 2952 1089 3029 reliqui
1110 2950 1246 3008 verticilli
1266 2946 1349 3030 floris
1370 2950 1476 3009 dimeri
1497 2966 1598 3014 essent.
1629 2958 1715 3017 Plura
1738 2968 1810 3042 qui--

287 3042 356 3101 dem
368 3052 448 3114 sunt,
459 3063 521 3120 quae
530 3040 681 3112 suadeant,
691 3036 870 3096 verticillum
886 3033 1064 3092 corollinum
1079 3030 1228 3107 duplicem
1244 3029 1360 3102 adesse,
1381 3052 1625 3116 unumquemque
1641 3039 1808 3119 dimerum,

285 3134 316 3182 et
335 3122 415 3182 hanc
433 3122 472 3181 ob
494 3142 555 3181 rem
577 3121 719 3189 stamina,
740 3119 887 3195 praecipue
907 3117 941 3171 in
962 3110 1117 3192 generibus
1139 3111 1425 3191 oligffostemonibus,
1447 3117 1552 3191 petalis
1572 3138 1670 3179 revera
1690 3125 1804 3184 alterna

156 3250 159 3258 .
223 3217 227 3223 ·
286 3219 364 3275 esse,
386 3205 438 3263 etsi
460 3214 528 3261 ante
543 3205 647 3280 'petala
668 3199 763 3280 posita
785 3217 844 3254 esse
863 3194 1034 3264 videantur,
1058 3193 1158 3249 minus
1180 3201 1278 3250 tamen
1300 3188 1398 3251 adhue
1419 3195 1544 3273 probata
1565 3210 1607 3257 est
1626 3198 1687 3260 haee
1707 3208 1807 3283 suspi-

230 3280 234 3285 ’
285 3289 445 3366 cioquam
467 3283 547 3363 quod
561 3282 775 3361 Papaveruceee,
787 3275 1041 3352 Femurr'aeeeeque
1061 3276 1193 3351 exempla
1212 3273 1427 3335 uerticillotum
1445 3273 1596 3336 ssnraliwm
1619 3281 1801 3345 (limerorum

239 3399 243 3407 .
285 3365 467 3439 amentes,
481 3365 564 3423 citari
577 3363 707 3444 possint,
720 3370 808 3439 atque
819 3365 879 3435 jam
891 3355 966 3415 mihi
984 3374 1153 3435 persuasum
1168 3350 1313 3412 habebam
1327 3358 1413 3412 talem
1424 3367 1601 3417 struet-uram
1615 3363 1646 3418 in
1660 3364 1804 3446 d-icotyle·

284 3448 389 3506 doneis
407 3452 510 3506 saltem
531 3465 595 3503 non
615 3440 896 3515 occurre1·e‚·(inter
916 3435 1214 3515 monocotyledoneas
1238 3430 1429 3494 Convallaria
1449 3437 1551 3514 bffolie
1572 3445 1730 3503 verticillos
1753 3447 1806 3506 di·

251 3586 255 3591 .
285 3549 380 3588 meros
400 3530 527 3604 oblert3)
546 3547 639 3606 quum
661 3523 759 3584 subito
783 3517 914 3580 Ciruoeae
936 3519 1074 3590 memini,
1096 3538 1160 3596 quae
1182 3518 1328 3594 memoriae
1350 3518 1503 3579 exciderat.
1525 3522 1559 3580 ln
1582 3520 1671 3602 hujus
1692 3531 1802 3605 plantae

240 3608 243 3615 “
283 3612 501 3692 elegantissimo
522 3607 595 3666 flore
613 3626 719 3686 'omnes
738 3603 875 3663 verticilli
898 3602 1003 3658 dimeri
1024 3608 1093 3657 sunt
1113 3599 1336 3676 simplicesque,
1368 3601 1471 3677 petalis
1500 3600 1617 3661 duobus
1644 3627 1714 3664 cum
1742 3620 1802 3668 sta-

283 3692 414 3753 minibus
436 3689 562 3750 totidem
584 3700 614 3748 ct
632 3687 748 3747 laciniis
778 3684 917 3763 calpeinis
945 3681 1059 3739 derebus
1080 3679 1308 3751 alternantibus,
1341 3683 1546 3741 loculamentis
1576 3685 1692 3747 duobus
1721 3690 1803 3750 lruo-

283 3782 329 3831 tus
350 3783 448 3831 autem
469 3775 509 3831 ita
530 3771 696 3850 dispositis,
727 3777 761 3825 ut
782 3777 850 3824 ante
872 3764 993 3822 lacinias
1015 3763 1120 3840 calycis
1142 3762 1236 3838 posita
1254 3762 1322 3820 sint.
1364 3766 1485 3838 Quum,
1520 3777 1665 3844 quiantum
1688 3772 1801 3840 solam,

281 3853 393 3914 nullibi
414 3856 541 3933 calyces,
562 3855 704 3924 corollas,
725 3847 934 3924 androcreaque
953 3863 1050 3903 revera
1072 3861 1242 3900 monomera
1265 3842 1463 3912 inveniamus,
1486 3843 1616 3904 Circaeae
1636 3846 1691 3904 llos
1714 3863 1804 3913 octe·-

283 3954 380 3994 meru,
402 3956 417 3993 0
438 3935 593 4012 completis
615 3943 644 3990 et
663 3929 854 4011 symmetricis
875 3929 899 3985 is
920 3937 979 3998 est,
999 3926 1050 4005 qui
1071 3944 1087 3981 e
1108 3924 1234 3980 minimo
1256 3938 1436 4002 organorum
1456 3947 1589 3987 numero.
1603 3940 1727 3994 constat,

314 4040 423 4110 Revera
437 4059 624 4114 monomeros
645 4058 693 4096 eos
714 4036 841 4095 dicerem
862 4034 1021 4093 verticillos
1043 4029 1173 4099 ssorales,
1196 4029 1247 4107 qui
1269 4048 1364 4107 neque
1385 4028 1490 4089 abortu
1505 4031 1696 4110 depauperati
1718 4047 1799 4111 sunt,

195 4149 198 4157 .
281 4139 376 4200 neque
402 4122 535 4201 plurium
562 4121 695 4199 partium
719 4120 878 4175 coalitione
908 4115 1011 4193 spurie·
1035 4111 1201 4168 monomeri
1223 4110 1314 4179 laeti,
1346 4121 1374 4167 et
1394 4109 1471 4169 banc
1492 4111 1531 4169 ob
1552 4133 1613 4170 rem
1633 4118 1803 4192 gementem*

281 4199 408 4261 dicendi.
450 4201 569 4280 Calyces
589 4198 738 4279 spathacei
761 4203 812 4279 qui
834 4200 866 4257 in
888 4194 1042 4278 generibus
1068 4190 1214 4250 Gentiana
1238 4201 1266 4249 et
1286 4189 1436 4249 Beehinia
1457 4193 1664 4268 observantur,
1692 4218 1798 4276 gamo-

282 4283 356 4340 meri
376 4293 461 4355 sunt,
490 4292 586 4361 neque
614 4302 629 4340 e
658 4282 776 4361 singulo
804 4280 877 4338 lolio
907 4277 1041 4355 calycino
1064 4275 1191 4331 formati.
1232 4269 1391 4351 Amorplue
1421 4277 1537 4332 corollae
1558 4276 1663 4335 abortu
1686 4299 1796 4336 mono-

179 4388 181 4392 *
281 4383 367 4426 merae
387 4374 472 4437 sunt,
502 4367 583 4422 loeus
604 4364 684 4423 euin
705 4362 759 4424 ubi
780 4365 831 4422 alae
851 4359 1008 4439 carinaque
1029 4355 1250 4430 desiderantur,
1278 4374 1374 4434 neque
1394 4356 1590 4434 staminibus,
1612 4378 1710 4438 neque
1729 4360 1798 4419 aliis

281 4446 396 4527 organis
417 4456 590 4526 occupatur.
