4066 5204
166 90 190 138 2
239 105 243 113 .

164 277 293 340 turam
316 244 616 389 vegetabilium,
627 288 713 367 quae
738 280 1073 371 cryptogamorum
1098 265 1256 345 nomine
1280 271 1460 367 veniunt,
1483 278 1515 353 si
1543 279 1692 361 forsan
1719 290 1779 394 Ly-

164 376 431 488 copodiaceas,
468 393 746 493 Equisetaceas,
773 391 928 475 Filices,
953 394 1241 478 Marsileaceus,
1267 399 1488 506 Marsosque
1513 408 1726 506 hepaticos
1747 433 1779 491 et

148 514 362 613 fiondosos
377 513 556 617 excipias,
582 511 678 587 mihi
700 531 896 618 tantopere
921 543 943 590 a
971 517 1208 621 reliquarum
1234 520 1458 623 plantarum
1484 529 1629 609 indole
1658 536 1779 613 diver·

160 664 242 713 sam
266 638 403 729 videri,
430 654 476 712 ut
500 638 648 717 nodum
673 639 800 745 potius
826 640 867 715 in
891 642 1015 745 scirpo
1043 644 1317 736 inveniremus,
1351 677 1469 751 quam
1495 680 1556 728 eas
1587 657 1725 752 inter,
1745 680 1780 739 et

161 761 443 868 phanerogama
460 763 702 866 vegetabilia,
727 765 940 840 formarum
958 767 1017 840 vel
1038 795 1269 872 organorum
1288 772 1504 878 analogiam
1521 779 1769 861 strictiorem

159 889 227 964 Vis
257 890 463 993 vegetativa
496 905 535 964 et
567 890 800 993 procreatrix
820 891 891 978 vis,
922 916 1030 994 aeque
1057 919 1102 966 ac
1127 894 1312 969 elementa
1341 900 1517 1002 organica
1551 906 1617 980 vel
1648 928 1779 1052 partes

54 1017 64 1075 ἶ
158 1003 278 1116 α’τέμοι
303 1013 531 1118 (dequibus
563 1014 663 1088 infra
694 1013 814 1090 fusim
853 1015 1040 1114 tractabo]
1067 1019 1244 1092 omnibus
1271 1020 1414 1122 plantis
1439 1050 1699 1121 communes,
1739 1037 1778 1111 in

157 1141 261 1218 hisce
284 1142 400 1217 arbor
424 1141 657 1246 procerrima
682 1167 772 1214 cum
797 1139 916 1246 fungo
942 1138 1180 1231 humillimo,
1214 1147 1436 1249 vegetabilia
1468 1150 1643 1247 alpicola
1676 1146 1780 1237 fodi·

156 1293 374 1370 uarumque
398 1264 679 1341 metallicarum
703 1263 838 1340 incolae
863 1264 1042 1369 lucifugae
1068 1292 1158 1340 cum
1184 1271 1316 1345 oceani
1341 1272 1487 1348 civibus
1512 1282 1778 1377 conveniunt,

132 1390 141 1462 s
155 1391 243 1468 aitoe
267 1407 423 1481 autem,¹
437 1390 656 1493 viriumque
678 1390 855 1465 vitalium
877 1408 1133 1494 symptomata,
1159 1407 1357 1498 tantopere
1382 1398 1526 1475 diversa
1553 1405 1708 1500 oredo,
1725 1427 1777 1487 ut

154 1518 308 1621 saepius,
334 1517 408 1592 nisi
433 1532 620 1593 enatura
648 1516 728 1619 ipsa
752 1514 1013 1607 edoceremur,
1040 1517 1202 1621 exempli
1227 1523 1347 1624 gratia
1365 1527 1683 1627 Jungermanniae
1710 1561 1777 1641 ge-

144 1642 255 1749 *neris
278 1641 540 1746 pulcherrimo
565 1642 759 1745 exemplo,
797 1642 977 1717 transitus
1001 1642 1097 1718 varii
1122 1659 1250 1719 mente
1277 1647 1429 1751 concipi
1454 1666 1524 1725 aut
1548 1643 1775 1760 excogitari

152 1768 217 1843 vix
242 1785 402 1872 possent.

252 1893 519 2004 Donecigitur
533 1884 871 1998 contigeritnobis,
894 1908 940 1967 ut
952 1907 1038 1983 aut,
1059 1890 1197 1967 limites
1217 1893 1317 1971 inter
1328 1896 1481 2000 plantas
1502 1902 1656 2005 organis
1669 1932 1772 2009 pro.

139 2019 233 2124 prie
255 2020 309 2094 sic
335 2019 446 2094 dictis
471 2018 648 2123 pmditas
673 2017 794 2121 iisque
819 2018 1015 2094 destitutas
1040 2018 1178 2092 certius
1203 2018 1449 2111 definiamus,
1486 2041 1555 2098 aut
1583 2053 1768 2131 qnoque,

149 2147 192 2220 in
218 2129 402 2221 immenso
427 2145 752 2248 imperfectiorum
777 2145 1047 2248 vegetabilium
1071 2171 1179 2249 grege
1204 2143 1422 2219 rudimenta
1448 2146 1582 2227 saltem
1602 2149 1666 2225 vel
1692 2180 1766 2251 tte.-

148 2269 257 2370 stigia
283 2268 498 2354 indicemus
523 2294 756 2362 organorum
781 2294 867 2360 quae
893 2268 946 2354 in.
959 2264 1506 2362 perfectioribmoffendimus,
1536 2267 1652 2345 liceat
1677 2298 1745 2369 eas

148 2406 301 2464 tantum
326 2372 510 2489 respicere
535 2383 700 2485 plantas,
730 2409 823 2484 quas
848 2381 1147 2487 phanerogamas
1171 2386 1388 2488 appellant,
1415 2416 1596 2495 quaeque,
1622 2412 1680 2471 ut*
1697 2400 1764 2477 in-

145 2514 204 2589 fra
221 2512 443 2596 videbimus,
470 2505 599 2610 quoad
623 2505 802 2610 partium,
827 2506 967 2608 quibus
992 2523 1180 2600 constant,
1194 2535 1322 2584 veram
1348 2512 1517 2591 indolem
1541 2518 1689 2597 mirum
1715 2524 1761 2603 in

146 2637 306 2714 modum
330 2634 576 2712 conveniunt.
668 2642 671 2647 '

241 2766 411 2837 Tantum
443 2759 491 2836 de
527 2759 580 2833 rei
614 2754 821 2830 tractandae
854 2754 1061 2859 dignitate,
1095 2755 1319 2832 difficultate
1352 2751 1390 2833 et
1415 2761 1610 2839 limitibus.
1638 2770 1756 2849 —Jam

142 2889 266 2963 fontes
292 2885 491 2965 indicandi
517 2891 537 2957 e
562 2882 703 2986 quihus
727 2879 849 2955 hausi.
873 2879 1123 2969 Primarium,
1144 2906 1311 2983 eumque
1334 2883 1663 2988 limpidissimum,
1690 2895 1752 2970 al-

141 3037 246 3085 mam
270 3012 457 3084 Naturam
487 3008 626 3095 fuisse,
654 3022 768 3080 nemo
800 3004 873 3079 erit
905 3004 973 3107 qui
999 3004 1169 3106 miretur.
1221 3005 1379 3083 Utinam
1403 3009 1501 3085 mihi
1526 3020 1750 3097 successerit

140 3136 290 3211 felicem
314 3133 417 3208 hanc
436 3132 713 3237 limpidamque
731 3131 879 3206 undam
896 3158 1020 3232 neque
1048 3130 1218 3221 turbare,
1240 3160 1367 3236 neque
1392 3135 1546 3240 impuro
1572 3140 1751 3246 excipere

139 3286 233 3336 vase.
256 3250 416 3334 ¹Deinde
440 3259 562 3335 fontes
587 3257 665 3332 adii
690 3256 849 3331 eximios
870 3255 1086 3360 analogiam
1110 3273 1148 3331 et
1168 3256 1447 3335 inductionem.
1473 3264 1559 3337 Non
1587 3291 1747 3366 possum

38 3410 44 3416 ·
138 3384 236 3487 quin
261 3383 327 3459 hic
352 3384 492 3460 iterum
517 3382 755 3464 renuntiem,
790 3407 894 3455 veras
919 3381 1155 3484 exceptiones
1180 3382 1223 3456 in
1248 3409 1378 3459 rerum
1403 3402 1543 3462 natura
1569 3416 1751 3491 perrarus

135 3518 243 3599 esse,
267 3508 512 3612 plurimaque
537 3508 638 3582 facta
670 3531 756 3609 quae
781 3523 965 3610 tanquam
992 3508 1229 3609 exceptiones
1256 3506 1472 3613 allegantur
1497 3514 1753 3618 regularum,

136 3634 313 3712 severius
331 3633 546 3709 examinata
571 3631 878 3718 confirmationes
902 3631 1030 3734 potius
1055 3631 1339 3733 seseprobare,
1370 3661 1488 3736 quam
1514 3638 1750 3719 infirmatio-

135 3784 209 3833 nes.
225 3806 277 3819 -
293 3761 497 3856 Quantum
522 3758 680 3856 tandem
701 3740 871 3831 virorum
889 3755 1158 3831 botanicorum
1179 3757 1328 3860 scriptis
1353 3758 1528 3853 debeam,
1555 3765 1674 3840 docti·
1687 3767 1750 3847 fa-

136 3883 209 3958 cile
233 3882 430 3958 videbunt.
479 3885 609 3958 Viam
627 3909 748 3984 quam
778 3882 980 3986 ingressus·
998 3908 1083 3956 sum
1117 3891 1614 3965 commonstraverunt‘viri
1646 3890 1743 3969 illu-

132 3997 303 4085 strissimi
327 4010 517 4085 Robertus'
533 4011 695 4090 Brome,
733 4005 933 4096 cendone,
971 4008 1129 4097 Goetlte,
1161 4011 1324 4098 lussieu,
1361 4013 1527 4096 Hordei,
1558 4014 1679 4089 amne
1699 4036 1742 4095 et

18 4183 23 4190 -
138 4134 297 4236 Turpio,
322 4135 626 4214 amantissimum
649 4140 779 4207 autem
804 4158 848 4209 ac
874 4131 1139 4206 suavissimum
1164 4132 1343 4209 comitem
1358 4151 1643 4241 mentoremque
1668 4137 1753 4235 ha·-

131 4261 201 4336 hui
226 4267 420 4340 Ernestum
445 4256 591 4367 Meyer,
618 4256 864 4365 professorem
884 4256 1264 4363 :Regiomoutauum,
1288 4259 1375 4362 qui,
1400 4258 1615 4339 indefessus·
1628 4288 1742 4370 aeque
